2728 4558
744 311 866 426 (5⁰)

319 544 1306 605 'w

494 740 981 818 warrensicnro
1016 738 1123 811 suo
1218 691 1220 694 ⁵
1348 711 1349 742 ³

734 965 761 1009 S.
788 965 817 1009 P.
845 967 877 1010 1).

587 1155 697 1226 niv.
723 1095 1027 1260 comnenus.

308 1356 373 1456 Dr
399 1410 534 1457 secessu
557 1384 822 1458 Warmondano
848 1383 946 1476 quod
972 1405 1071 1477 spem
1098 1379 1200 1470 facis,
1228 1401 1307 1453 non

203 1519 207 1536 ·
300 1501 425 1568 solum
439 1498 527 1566 mibi
544 1509 579 1566 et
593 1496 680 1564 meis
697 1495 931 1588 gratissimum
945 1494 1091 1583 accidit,
1116 1494 1176 1564 sed
1197 1495 1310 1564 etiam

303 1608 530 1678 Schultcnsio
547 1620 582 1676 et
596 1607 793 1695 Paradisio,
810 1607 874 1699 qui
890 1592 962 1676 tam
974 1606 1095 1706 crebro
1108 1619 1142 1675 te
1154 1606 1310 1677 invisuri
1352 1601 1353 1642 ¹

231 1740 235 1748 “
309 1734 409 1811 sunt,
433 1733 474 1800 ut
496 1721 615 1789 nullus
637 1719 704 1787 tibi
726 1719 770 1787 de
797 1718 985 1788 solitudine
1012 1717 1184 1810 querendi
1204 1720 1310 1788 locus

307 1834 541 1927 relinquatur.
565 1830 619 1901 Ac
642 1855 724 1900 casu
745 1830 900 1922 quodam
922 1831 1015 1899 idem
1034 1830 1176 1920 hortus,
1196 1855 1311 1925 quem
1353 1823 1354 1862 ¹

308 1946 375 2016 tibi
391 1945 570 2039 superiore
592 1967 685 2014 anno
701 1955 885 2037 tantopere
908 1943 1211 2033 commendabam,
1229 1969 1309 2012 rur-

230 2051 234 2056 *
308 2077 365 2128 sus
381 2042 499 2147 vacat,
517 2068 658 2127 centum
676 2067 711 2126 et
733 2056 854 2125 decem
874 2054 1016 2124 florenis
1041 2055 1306 2127 conducendus.
1354 2047 1355 2110 l

307 2173 439 2243 Hortus
451 2170 596 2262 quidem
605 2168 764 2240 modicus
776 2168 1044 2257 est,seddomus
1054 2180 1126 2237 tam
1134 2168 1307 2261 spatiosa,

307 2295 365 2373 ut,
383 2282 480 2376 quod
497 2305 599 2376 saepe
616 2281 763 2375 optasti,
781 2291 890 2350 totam
907 2280 1075 2350 santiliam
1090 2304 1207 2350 meam
1222 2305 1309 2350 cum
1355 2335 1356 2338 η

308 2394 482 2466 Dromade
503 2406 538 2463 et
562 2393 724 2464 Leucono
745 2394 902 2488 recipere
923 2395 1046 2488 possis.
1072 2394 1199 2485 Itaque
1226 2395 1310 2463 reli-

309 2531 422 2601 quum
448 2517 514 2595 est,
542 2517 597 2595 ut,
617 2506 718 2599 quid
743 2506 919 2594 statueriS,
947 2505 1074 2574 adme
1094 2506 1308 2600 perscribas.

310 2619 487 2712 Spruitius
511 2630 729 2711 separatum
751 2618 902 2686 ostendit
925 2617 969 2686 ad
985 2618 1130 2711 reliqua
1145 2618 1308 2711 negotia,

311 2753 403 2823 quae
418 2729 643 2799 differrinon
660 2741 822 2822 possunt,
840 2742 902 2799 tuo
916 2730 1057 2799 nomine
1074 2729 1307 2802 conficienda.

358 2841 605 2930 Allemandus,
625 2852 665 2909 ut
681 2840 804 2930 audio,
822 2865 841 2910 e
861 2841 956 2935 gravi
974 2843 1096 2912 morbo
1115 2855 1308 2913 recreatur.

311 2955 363 3025 Ile
375 2955 497 3026 ceteris
509 2953 662 3023 consiliis
675 2977 790 3025 coram
804 2954 1045 3046 colloquemur
1057 2953 1150 3023 feriis
1159 2955 1310 3024 Pascha·

311 3066 417 3135 libus.
438 3067 541 3154 Vale,
557 3066 607 3134 mi
628 3064 831 3136 suavissime
839 3065 1115 3158 ,Wyttenbaohi,
1135 3079 1170 3136 et
1186 3067 1310 3162 pristi-

313 3201 396 3247 nam
411 3177 593 3246 sanitatem
609 3178 654 3247 ab
669 3183 747 3248 atre
764 3177 925 3247 Leidensi
940 3190 1033 3272 pete.
1050 3178 1178 3251 Omnes
1189 3181 1259 3250 mei
1270 3194 1310 3250 te

313 3290 507 3385 plurimum
520 3291 682 3363 salutant.
699 3290 761 3359 Ser
772 3290 900 3360 Leidae
915 3290 949 3359 d.
966 3289 1007 3359 ll
1022 3290 1122 3362 Febr.
1138 3287 1241 3362 1786.

269 3403 271 3414 ’
361 3405 479 3494 Hane,
498 3403 527 3472 si
544 3415 823 3473 conrectoratum
841 3402 1097 3496 impetraverit,
1122 3403 1214 3473 bonl
1234 3404 1310 3476 fide

315 3515 360 3584 ad
370 3516 488 3585 literas
502 3528 638 3586 nostras
659 3515 832 3585 rediturus
850 3515 999 3584 videtur.
1020 3516 1062 3585 Id
1079 3516 1187 3610 igitur
1201 3516 1309 3588 effice

315 3629 523 3698 auctoritate
538 3628 617 3720 tut,
635 3627 724 3722 qul,
741 3640 782 3701 ut
797 3628 920 3719 debes,
931 3630 1034 3720 -vales
1046 3617 1255 3724 plurimum.
