2728 4558
279 525 534 599 chckenhooh
541 578 555 612 ,
572 521 730 598 Huschke
736 577 754 624 ,y
769 525 948 598 Tanbrink.
972 525 1046 619 Ego
1068 523 1185 596 tecu'm
1206 525 1280 596 He·
1338 525 1343 542 '

275 664 342 710 nae
358 640 475 732 faveo,
491 640 536 711 de
559 664 632 734 quo
648 641 738 733 quid
758 639 923 729 sentiam,
949 638 1049 708 brevi
1070 638 1278 708 testimonio
1346 706 1347 730 ἶ

256 753 348 822 'dixi
374 752 436 851 (l).
464 753 600 825 (laeteri
626 753 783 858 ambiant
808 775 937 822 munus
963 751 1143 840 Rectoris,
1172 751 1278 844 quod
1346 763 1347 768 ’

276 863 424 938 Goudae
434 877 552 956 vacat,
566 877 601 934 et
613 863 799 934 stationem
808 862 1125 934 Amerslortensom
1134 863 1274 934 Hamae.

322 977 478 1060 Wolfius
492 977 653 1047 Halensis
669 976 832 1070 queritur
847 975 891 1045 de
905 960 1074 1045 diuturno
1090 988 1152 1045 tuo
1169 976 1276 1060 silen-

274 1091 336 1160 tio.
355 1091 392 1160 Is
414 1090 503 1160 mihi
523 1115 640 1184 nuper
658 1088 838 1183 inscripsit
857 1089 1096 1183 splendidam,
1113 1098 1154 1157 ut
1173 1089 1277 1182 apud

274 1200 486 1292 Germanos,
509 1203 654 1275 Homeri
673 1203 874 1273 editionem.
895 1243 942 1254 -
960 1201 1054 1274 Uxor
1069 1213 1104 1272 ct
1119 1200 1217 1271 filiae
1239 1213 1276 1270 te
1347 1251 1348 1262 .

270 1315 469 1410 plurimum
491 1317 662 1406 salutant,
685 1326 864 1411 optantes,
888 1326 929 1414 ut
950 1313 1068 1409 neptis
1090 1325 1151 1382 tua
1171 1313 1281 1384 brevi'

269 1428 458 1521 pristinam
478 1429 662 1498 sanitatem
682 1439 877 1521 recuperet.
899 1425 1005 1516 Vale,
1022 1426 1072 1497 mi
1093 1425 1274 1498 carissime

268 1537 321 1614 W
320 1539 536 1634 yttcnbachi.
556 1539 684 1608 Leidae
699 1539 734 1610 d.
754 1535 800 1608 22
819 1523 904 1609 llec.
923 1533 1028 1610 1795.

315 1651 600 1740 Innumerabilia¹
616 1661 720 1740 sunt,
744 1651 795 1724 dc
811 1629 942 1745 quilim
969 1663 1088 1722 tecum
1110 1651 1270 1745 colloqui

268 1763 405 1833 vellem.
428 1763 500 1835 Sed
519 1764 797 1862 exspectandum
811 1788 960 1834 vernum
980 1774 1133 1862 tempus.
1154 1764 1271 1834 Testi-
1348 1759 1349 1772 ¹

269 1876 430 1946 monium
443 1901 562 1946 meum
577 1889 618 1948 tu
632 1877 812 1971 praelegas
824 1874 1071 1968 Curatoribus,
1088 1900 1179 1972 quos
1195 1899 1270 1946 non
1348 1867 1349 1878 ¹

270 1988 375 2058 credo
387 2012 536 2065 ,manum
551 2013 665 2062 meam
680 2000 911 2082 assecuturos.

453 2249 949 2393 wirrunnsoflto
976 2303 1084 2378 suo

656 2491 835 2536 -s.r.o.
947 2461 950 2468 ’

545 2643 654 2717 nav.
681 2645 1001 2768 amaremus,

267 2815 443 2917 Pmrssns
466 2846 684 2940 periculum,
706 2848 745 2916 in
767 2871 840 2940 quo
859 2847 998 2943 neptim
1016 2857 1114 2916 tuam
1135 2849 1264 2916 versari

268 2959 556 3046 nuntiabas‚'nos
576 2959 803 3038 vehementer
827 2959 1026 3028 commovit.
1043 2953 1202 3028 Nuncex
1217 2960 1264 3028 si-

267 3069 377 3136 lentio
392 3080 454 3137 tuo
468 3070 572 3138 nobis
586 3069 748 3141 videmur
759 3083 853 3140 recte
865 3071 1043 3164 colligere,
1057 3065 1264 3142 omnie'ver-

227 3165 231 3172 ¹
266 3180 350 3266 tisse
371 3179 411 3249 in
429 3180 569 3250 melius.
757 3173 758 3182 ¹

310 3293 454 3367 Utinem-
468 3305 504 3364 te
529 3292 634 3364 istinc
653 3293 805 3364 excitare
819 3318 977 3389 possem,
995 3307 1035 3366 ut
1051 3291 1154 3366 serias
1171 3295 1259 3366 Pao-

266 3407 382 3486 chales
397 3407 582 3477 nobiscum
597 3430 726 3501 ageres.
742 3405 821 3477 Scio
833 3407 997 3502 quidem,
1009 3408 1263 3480 Pentecostales

268 3521 335 3595 tibi
347 3521 598 3591 commodiores
617 3544 701 3592 esse.
725 3503 794 3592 sed
811 3521 916 3591 nimis
931 3523 1043 3592 multa
1059 3534 1156 3613 sunt,
1175 3546 1264 3616 quae

268 3633 508 3704 suavissimam
531 3635 698 3708 sermonis
721 3636 775 3706 tui
799 3635 1152 3706 communicationem
1173 3633 1263 3726 desi-

267 3743 400 3818 derent.
1297 3737 1300 3746 ¹

302 3905 339 3972 (ι)
357 3903 416 3958 vid.
428 3906 527 4002 lictant
540 3906 574 3962 ad
585 3908 667 3978 Wytt.
680 3909 711 3966 V,
724 3895 826 3962 tulit.
840 3929 864 3980 p.
877 3909 937 3980 470.
1060 3954 1061 3958 ,
