2728 4558
734 324 856 424 (3⁰)

293 475 399 546 etiam
421 486 523 571 tuum
538 495 669 544 nomen
691 486 784 563 erat,
807 469 1157 542 distribuenda.·Sed
1178 473 1311 544 nullus

293 585 379 662 dum
395 590 581 659 fasciculus
601 589 718 656 adme
743 589 902 686 perlatus
926 575 996 676 est,
1024 587 1185 680 quamvis
1208 588 1312 657 liber

293 703 428 772 dudum
446 703 486 771 in
503 701 659 771 tabernis
686 701 916 770 Leidensibus
940 701 1153 794 reperiatur.
1178 701 1311 794 Longo

256 902 257 906 Ἰ
294 816 408 892 obiter
432 814 654 908 inspiciendo
676 814 769 903 vidi,
794 813 1032 899 Villoisonum
1055 814 1122 883 sibi
1151 813 1311 885 Batavos

293 929 334 997 in
349 927 481 997 Criticai
495 927 685 996 imitandos
703 925 878 996 sumsisse.
896 926 965 1006 Sed
979 927 1070 995 inest
1086 925 1181 995 notis
1193 926 1312 1019 juve-

293 1041 376 1110 nilis
400 1040 574 1134 quaedam
598 1052 633 1109 et
657 1039 957 1109 minime‘Batava
986 1039 1161 1131 luxuries,
1191 1064 1312 1133 quam

293 1153 454 1223 homines
467 1146 587 1248 graves
602 1153 660 1223 vix
681 1152 806 1222 lerant.
852 1226 858 1240 ,
935 1197 943 1256 '.
1316 1153 1319 1158 ’

332 1267 447 1360 ¹Quod
469 1293 489 1336 a
514 1291 570 1336 me
596 1267 778 1336 discedens
801 1265 960 1360 petiisti,
983 1263 1024 1334 dt
1048 1265 1115 1336 tihi
1141 1265 1311 1361 potiores

261 1415 263 1420 ·
296 1382 467 1474 quasdam
482 1405 588 1449 meas
600 1379 640 1448 in
660 1379 799 1474 Vellejo
824 1379 1087 1471 emendationes
1108 1379 1313 1450 indicarem

178 1562 180 1566 ,
298 1495 412 1583 scito,
436 1516 615 1586 nusquam
637 1492 726 1560 mihi
750 1515 826 1560 rem
849 1491 985 1586 felicius
1009 1491 1169 1582 cessisse,
1193 1515 1313 1585 quam

296 1607 362 1676 ubi
377 1617 444 1676 vox
460 1607 579 1699 elapsa
594 1628 661 1698 per
678 1605 949 1698 geminationem
967 1619 1057 1675 esset
1071 1605 1309 1675 restituenda.

218 1729 225 1780 Γ
297 1719 349 1790 Ex
363 1719 432 1788 hoe
447 1742 572 1813 genere
588 1729 670 1786 sunt
681 1743 719 1811 p.
737 1713 822 1806 123,
841 1723 973 1813 ioteqri
981 1724 1148 1814 intepris,
1160 1744 1198 1813 p.
1211 1713 1311 1809 243,

222 1911 223 1916 .
247 1911 248 1918 ἵ
290 1832 527 1926 praecpitem
544 1836 704 1915 civitate,
720 1857 760 1926 p.
783 1827 872 1920 332,
891 1837 951 1910 cir
969 1837 1131 1916 virtutis,
1148 1856 1186 1926 p.
1211 1827 1311 1923 418,

298 1951 475 2016 exercitiis
489 1950 664 2030 exercitu,
680 1941 801 2037 p..461
813 1997 822 2034 ,
836 1945 969 2038 fidncia
985 1947 1083 2015 ducis
1090 1996 1105 2029 ,
1118 1947 1184 2014 eto.
1204 1945 1314 2014 Inter

300 2059 511 2130 certissimas
534 2057 943 2144 emendationesreleres
962 2082 1005 2152 p.
1028 2055 1117 2147 165,
1140 2057 1315 2129 turriam·

213 2259 215 2272 Ι
298 2183 438 2256 exacto,
464 2197 502 2266 p.
531 2167 620 2259 346,
646 2180 779 2239 eroeoto
801 2173 937 2239 celatos
959 2171 1196 2269 etxootltumis
1220 2173 1313 2241 aub-

298 2291 416 2356 niaus.
442 2284 511 2354 Sed
532 2285 632 2352 nulla
656 2282 826 2351 correctio
848 2283 997 2352 inventu
1019 2281 1309 2376 difficilior'luit,

299 2423 414 2494 eoque
440 2397 550 2491 magis
577 2395 667 2464 mihi
696 2395 900 2490 blanditur,
930 2408 1039 2490 quam
1065 2398 1127 2467 illa
1148 2422 1186 2491 p.
1212 2393 1309 2489 341,

292 2514 370 2616 ¹qud
386 2522 516 2582 aestate
536 2513 666 2584 Caesar
683 2519 752 2578 tom
765 2535 931 2602 prospare
950 2511 1109 2603 {sepelivit
1125 2516 1166 2581 in
1180 2513 1312 2582 Sicilia

299 2628 427 2696 bellum
439 2675 453 2708 ,
483 2625 627 2715 fortem
657 2627 696 2690 in
721 2624 878 2692 'Caesare
908 2635 942 2693 et
975 2649 1046 2716 rep.
1078 2629 1227 2694 mutavit
1259 2628 1314 2694 ad

304 2743 489 2808 Orientem.
507 2733 609 2804 Alios
625 2734 732 2803 etiam
749 2736 937 2829 scriptores
958 2737 1138 2806 interdum
1157 2759 1230 2806 non
1253 2738 1311 2818 in-

301 2849 451 2924 feliciter
464 2848 615 2937 correxi,
628 2859 670 2916 ut
684 2872 722 2940 p.
739 2843 788 2916 46
799 2847 981 2939 Senecam,
995 2854 1169 2934 Macerio,
1181 2876 1219 2944 p.
1235 2847 1311 2921 188

300 2976 335 3034 et
351 2965 391 3032 in
406 2962 592 3051 addendis,
606 2960 855 3052 Plutarchum,
870 2962 883 3032 ὁ
900 2960 1044 3058 ἱστορικὸς
1052 2962 1204 3060 ,Τουβέρων
1215 3006 1263 3018 -
1276 2963 1308 3036 ἐν

300 3075 440 3156 rustino.
466 3077 603 3162 Haece
624 3075 745 3145 multis
769 3076 966 3165 sufficiant,
990 3078 1199 3169 praesertim
1221 3102 1308 3148 cum

217 3271 220 3278 ¹
255 3251 266 3266 .
299 3187 389 3259 mihi
417 3189 547 3283 gratius
576 3187 734 3258 futurum
768 3189 830 3278 sit,
865 3188 895 3256 si
927 3189 966 3256 in
1000 3191 1163 3260 omnibus
1191 3192 1306 3262 utaris

299 3303 470 3374 acerrimo
487 3297 548 3371 illo
561 3300 700 3394 judicio
717 3290 797 3390 tuo,
809 3287 910 3368 ‘nihil
925 3302 1012 3370 dans
1029 3304 1230 3399 amicitiae.

347 3416 541 3510 Ecquando
570 3415 769 3508 Wagnerus
804 3438 885 3483 cum
915 3414 1091 3511 discipulo
1122 3442 1203 3508 suo,
1230 3416 1306 3488 lau-

91 3609 94 3617 ,
297 3555 395 3602 ream
425 3530 586 3599 Doctoris
615 3527 811 3615 ambiente,
845 3525 989 3622 Leidam
1020 3541 1073 3598 est
1102 3523 1307 3602 venturus?

145 3706 151 3714 .
211 3721 214 3724 ,
247 3703 251 3710 ,
300 3645 421 3714 Habeo
439 3644 586 3730 lanum,
604 3640 744 3710 Horatii
768 3639 957 3732 editorem,
978 3666 1084 3736 quem
1109 3645 1142 3713 ei
1166 3645 1307 3716 tradam

300 3756 457 3826 mordaci
474 3756 545 3824 sale
557 3753 815 3848 defricandum.

315 3845 536 3958 '⁹,Boschi1is,
554 3892 662 3961 quem
679 3892 757 3937 mco
781 3867 924 3938 nomine
944 3869 1090 3963 salutet,
1113 3871 1203 3941 mihi
1221 3885 1307 3944 tan-
