2728 4558
741 375 863 474 (70)
982 477 986 486 Ι

304 579 1323 621 W

484 726 972 805 WYTTENBACHIO
1007 725 1115 799 SUO

730 881 811 940 s.'r.
835 898 868 942 o.

468 1067 473 1082 ¹
579 1036 690 1107 nAv.
715 1035 1022 1108 RUHNKENIUS.
1091 1043 1095 1052 '

303 1207 449 1308 Gnarus
480 1235 582 1305 nobis
609 1246 900 1328 exspectatusque
926 1233 1054 1327 hospes
1080 1232 1209 1303 venies.
1238 1231 1313 1304 Ab

247 1433 250 1440 ι
299 1348 624 1442 interpellatoribus
650 1347 717 1415 tibi
744 1346 856 1415 otium
882 1346 1160 1438 praestabimus,
1184 1369 1313 1416 unum

301 1461 512 1554 excipientes
535 1457 818 1548 Schultensium,
842 1481 949 1550 quem
970 1470 1118 1552 propter
1141 1458 1312 1550 singtda-

298 1593 560 1659 rememorem,
577 1593 650 1660 quo
668 1564 860 1661 utrumque
875 1581 1034 1639 nostrum
1046 1569 1307 1663 prosequitur,

299 1681 397 1752 nolas
413 1682 458 1751 sit
473 1681 667 1751 excludere.
689 1680 788 1749 Vale.
805 1680 951 1771 leidae,
969 1682 1004 1752 d.
1025 1677 1072 1748 29
1087 1682 1172 1774 blaji
1190 1677 1307 1752 1791.

481 2034 971 2109 wrrruusscuro
1005 2033 1112 2106 soo
1186 1981 1189 1988 ¹

727 2203 754 2247 S.
778 2204 866 2250 Psl).

573 2343 683 2413 DAV.
709 2342 1017 2416 RUHNKENIUS.
1050 2387 1052 2390 -
1175 2415 1178 2420 .

295 2509 326 2610 J
326 2562 566 2611 ocurmssruse
580 2540 671 2611 mihi
681 2542 803 2611 literae
814 2553 896 2610 tuae
909 2540 1067 2628 fuerunt,
1080 2540 1147 2611 etsi
1157 2538 1305 2631 aliquid

294 2637 460 2723 tristitiae
485 2654 685 2744 habebant,
710 2678 729 2722 c
757 2653 912 2747 corporis
940 2652 1027 2722 vitio
1048 2663 1163 2721 natae.
1191 2650 1305 2743 Quod
1360 2739 1361 2744 ἵ

294 2745 380 2864 tibi,
394 2789 534 2859 semper
547 2765 643 2834 domi
656 2764 805 2854 sedenti,
820 2776 854 2834 et
868 2789 977 2858 genus
991 2765 1186 2834 humanum
1196 2763 1304 2833 relu-
1360 2759 1361 2782 ¹

294 2877 423 2970 gienti,
441 2878 600 2947 accidere
616 2903 756 2948 necesse
777 2889 839 2947 est.
854 2877 928 2946 Sed
946 2877 1121 2970 quicquid
1139 2876 1303 2969 aegritu-

195 3019 199 3026 ’
295 2988 388 3057 dinis
411 2988 506 3058 feriis
526 2990 753 3060 Paschalibus
776 2990 920 3059 Leidam
938 2990 1115 3077 attuleris,
1139 2989 1302 3082 filiarum
1359 3027 1360 3045 κ

293 3122 453 3168 mearum
464 3101 628 3171 discutiet
640 3103 810 3171 hilaritas.
824 3103 974 3170 Multum
986 3102 1093 3170 etiam
1103 3097 1302 3195 proficient

292 3209 384 3280 duae
400 3210 568 3302 famulae,
586 3215 696 3312 altera
718 3215 846 3282 tenella
861 3237 1030 3306 genarum
1049 3215 1298 3303 mollitudine,
1358 3201 1359 3244 ³

292 3324 403 3393 altera
418 3325 547 3395 rubore
563 3325 783 3414 verecundo,
801 3348 953 3417 quarum
973 3350 1065 3419 quae
1083 3325 1128 3394 sit
1146 3326 1299 3395 vernili-

290 3447 363 3524 tas,
382 3436 487 3506 nosti.
507 3437 599 3507 Veni
617 3423 742 3532 igitur,
760 3449 801 3505 ut
822 3436 943 3505 eddom
962 3437 1126 3528 jocorum
1150 3451 1299 3510 tuorum
1357 3483 1358 3569 ,

290 3535 498 3638 festivitate,
515 3549 588 3642 qud
604 3549 785 3643 superiore
801 3567 912 3639 anno‘,
932 3546 1160 3619 oblectemur.

338 3659 497 3728 Santonii
518 3661 630 3730 nostri
651 3661 799 3754 nuptiae
821 3662 942 3731 multis
965 3662 1051 3731 risui
1077 3660 1233 3731 luerunt.
1259 3661 1299 3734 Α
1356 3651 1357 3656 ¹

187 3831 189 3836 .
290 3770 427 3842 ldedioo
443 3771 673 3864 Ledeboerio,
689 3797 770 3843 cum
782 3772 815 3842 ei
826 3773 965 3867 copiam
978 3775 1117 3846 consilii
1129 3775 1184 3845 sui
1195 3773 1298 3843 fecis·
1356 3755 1357 3831 l

292 3894 361 3983 set,
372 3882 441 3954 hoo
456 3907 664 3983 responsum
679 3885 763 3963 tutit
776 3910 788 3990 ².
801 3909 823 3964 (t
838 3885 937 3966 Mitte
951 3886 1060 3985 igitur
1070 3885 1296 3990 quantocyus
1355 3905 1356 3984 t

1355 4039 1356 4093 l
