<?xml version="1.0" encoding="UTF-8"?>
<!DOCTYPE html PUBLIC "-//W3C//DTD XHTML 1.0 Transitional//EN"
    "http://www.w3.org/TR/xhtml1/DTD/xhtml1-transitional.dtd">
<html xmlns="http://www.w3.org/1999/xhtml" xml:lang="en" lang="en">
 <head>
  <title>
</title>
<meta http-equiv="Content-Type" content="text/html;charset=utf-8" />
  <meta name='ocr-system' content='tesseract 3.04.00' />
  <meta name='ocr-capabilities' content='ocr_page ocr_carea ocr_par ocr_line ocrx_word'/>
</head>
<body>
  <div class='ocr_page' id='page_1' title='image "./epistolaedavidi00ruhngoog_0032.png"; bbox 0 0 2728 4558; ppageno 0'>
   <div class='ocr_carea' id='block_1_1' title="bbox 436 342 677 504">
    <p class='ocr_par' dir='ltr' id='par_1_1' title="bbox 436 342 677 534">
     <span class='ocr_line' id='line_1_1' title="bbox 436 342 677 504; baseline 0.017 -32"><span class='ocrx_word' id='word_1_1' title='bbox 436 342 677 504; x_wconf 43' lang='lat' dir='ltr'><strong>¹(n),</strong></span> 
     </span>
    </p>
   </div>
   <div class='ocr_carea' id='block_1_2' title="bbox 67 610 1073 642">
    <p class='ocr_par' dir='ltr' id='par_1_2' title="bbox 67 610 1073 642">
     <span class='ocr_line' id='line_1_2' title="bbox 67 610 1073 642; baseline 0.002 -2"><span class='ocrx_word' id='word_1_2' title='bbox 67 610 1073 642; x_wconf 53' lang='lat' dir='ltr'><strong>&#39;ew</strong></span> 
     </span>
    </p>
   </div>
   <div class='ocr_carea' id='block_1_3' title="bbox 286 754 859 825">
    <p class='ocr_par' dir='ltr' id='par_1_3' title="bbox 286 754 859 825">
     <span class='ocr_line' id='line_1_3' title="bbox 286 754 859 825; baseline 0 -17"><span class='ocrx_word' id='word_1_3' title='bbox 286 761 478 818; x_wconf 72' lang='lat' dir='ltr'><strong>cmmssmo</strong></span> <span class='ocrx_word' id='word_1_4' title='bbox 497 754 859 825; x_wconf 51' lang='lat' dir='ltr'><strong>noaussmoouutvmo</strong></span> 
     </span>
    </p>
   </div>
   <div class='ocr_carea' id='block_1_4' title="bbox 205 865 938 996">
    <p class='ocr_par' dir='ltr' id='par_1_4' title="bbox 205 865 938 1002">
     <span class='ocr_line' id='line_1_4' title="bbox 205 865 938 996; baseline 0.007 -23"><span class='ocrx_word' id='word_1_5' title='bbox 205 865 938 996; x_wconf 66' lang='lat' dir='ltr'><strong>usujwrrruucacura</strong></span> 
     </span>
    </p>
   </div>
   <div class='ocr_carea' id='block_1_5' title="bbox 374 1060 643 1144">
    <p class='ocr_par' dir='ltr' id='par_1_5' title="bbox 374 1060 643 1144">
     <span class='ocr_line' id='line_1_5' title="bbox 374 1060 643 1144; baseline -0.004 0"><span class='ocrx_word' id='word_1_6' title='bbox 374 1130 383 1144; x_wconf 82' lang='grc'><strong>.,</strong></span> <span class='ocrx_word' id='word_1_7' title='bbox 490 1060 530 1141; x_wconf 66' lang='lat' dir='ltr'><strong>,sss</strong></span> <span class='ocrx_word' id='word_1_8' title='bbox 555 1099 585 1142; x_wconf 80' lang='lat' dir='ltr'><strong>r.</strong></span> <span class='ocrx_word' id='word_1_9' title='bbox 610 1101 643 1143; x_wconf 81' lang='lat' dir='ltr'><strong>a.</strong></span> 
     </span>
    </p>
   </div>
   <div class='ocr_carea' id='block_1_6' title="bbox 331 1205 938 1338">
    <p class='ocr_par' dir='ltr' id='par_1_6' title="bbox 331 1205 938 1338">
     <span class='ocr_line' id='line_1_6' title="bbox 331 1205 938 1338; baseline 0.003 -16"><span class='ocrx_word' id='word_1_10' title='bbox 331 1205 816 1338; x_wconf 69' lang='lat' dir='ltr'><strong>rnuomffimmmm,</strong></span> <span class='ocrx_word' id='word_1_11' title='bbox 934 1238 938 1247; x_wconf 83' lang='lat'>&#39;</span> 
     </span>
    </p>
   </div>
   <div class='ocr_carea' id='block_1_7' title="bbox 66 1426 1074 1550">
    <p class='ocr_par' dir='ltr' id='par_1_7' title="bbox 66 1426 1074 1550">
     <span class='ocr_line' id='line_1_7' title="bbox 66 1426 1074 1550; baseline -0.001 -26"><span class='ocrx_word' id='word_1_12' title='bbox 66 1426 131 1526; x_wconf 79' lang='lat' dir='ltr'><strong>lra</strong></span> <span class='ocrx_word' id='word_1_13' title='bbox 146 1454 255 1544; x_wconf 89' lang='lat' dir='ltr'><strong>mihi,</strong></span> <span class='ocrx_word' id='word_1_14' title='bbox 272 1477 366 1548; x_wconf 86' lang='lat' dir='ltr'><strong>quac</strong></span> <span class='ocrx_word' id='word_1_15' title='bbox 383 1467 487 1548; x_wconf 91' lang='lat' dir='ltr'><strong>opto,</strong></span> <span class='ocrx_word' id='word_1_16' title='bbox 505 1455 709 1550; x_wconf 85' lang='lat' dir='ltr'><strong>contingere</strong></span> <span class='ocrx_word' id='word_1_17' title='bbox 724 1454 849 1544; x_wconf 80' lang='lat' dir='ltr'><strong>velim,</strong></span> <span class='ocrx_word' id='word_1_18' title='bbox 866 1447 1074 1545; x_wconf 78' lang='lat' dir='ltr'><strong>ut,cu1i1·in</strong></span> 
     </span>
    </p>
   </div>
   <div class='ocr_carea' id='block_1_8' title="bbox 66 1555 1275 1662">
    <p class='ocr_par' dir='ltr' id='par_1_8' title="bbox 66 1555 1275 1662">
     <span class='ocr_line' id='line_1_8' title="bbox 66 1555 1275 1662; baseline 0.002 -25"><span class='ocrx_word' id='word_1_19' title='bbox 66 1580 224 1654; x_wconf 86' lang='lat' dir='ltr'><strong>mantem</strong></span> <span class='ocrx_word' id='word_1_20' title='bbox 239 1568 338 1638; x_wconf 79' lang='lat' dir='ltr'><strong>venit</strong></span> <span class='ocrx_word' id='word_1_21' title='bbox 356 1555 516 1657; x_wconf 86' lang='lat' dir='ltr'><strong>consilii,</strong></span> <span class='ocrx_word' id='word_1_22' title='bbox 534 1591 607 1662; x_wconf 93' lang='lat' dir='ltr'><strong>quo</strong></span> <span class='ocrx_word' id='word_1_23' title='bbox 625 1581 660 1638; x_wconf 87' lang='lat' dir='ltr'><strong>te</strong></span> <span class='ocrx_word' id='word_1_24' title='bbox 675 1569 813 1662; x_wconf 86' lang='lat' dir='ltr'><strong>primus</strong></span> <span class='ocrx_word' id='word_1_25' title='bbox 828 1569 1076 1639; x_wconf 84' lang='lat' dir='ltr'><strong>Ramonstran·</strong></span> <span class='ocrx_word' id='word_1_26' title='bbox 1161 1577 1163 1583; x_wconf 86' lang='lat'>&#39;</span> <span class='ocrx_word' id='word_1_27' title='bbox 1272 1557 1275 1564; x_wconf 45' lang='lat'><strong>⁴</strong></span> 
     </span>
    </p>
   </div>
   <div class='ocr_carea' id='block_1_9' title="bbox 65 1680 1075 1785">
    <p class='ocr_par' dir='ltr' id='par_1_9' title="bbox 65 1680 1075 1785">
     <span class='ocr_line' id='line_1_9' title="bbox 65 1680 1075 1785; baseline 0 -35"><span class='ocrx_word' id='word_1_28' title='bbox 65 1682 166 1751; x_wconf 90' lang='lat' dir='ltr'><strong>tibus</strong></span> <span class='ocrx_word' id='word_1_29' title='bbox 178 1681 440 1770; x_wconf 82' lang='lat' dir='ltr'><strong>commendavi,</strong></span> <span class='ocrx_word' id='word_1_30' title='bbox 457 1681 619 1751; x_wconf 82' lang='lat' dir='ltr'><strong>mihimet</strong></span> <span class='ocrx_word' id='word_1_31' title='bbox 630 1681 708 1785; x_wconf 86' lang='lat' dir='ltr'><strong>ipse</strong></span> <span class='ocrx_word' id='word_1_32' title='bbox 719 1683 859 1775; x_wconf 86' lang='lat' dir='ltr'><strong>placeo,</strong></span> <span class='ocrx_word' id='word_1_33' title='bbox 873 1693 908 1752; x_wconf 91' lang='lat' dir='ltr'><strong>et</strong></span> <span class='ocrx_word' id='word_1_34' title='bbox 919 1680 1075 1752; x_wconf 78' lang='lat' dir='ltr'><strong>fructum</strong></span> 
     </span>
    </p>
   </div>
   <div class='ocr_carea' id='block_1_10' title="bbox 65 1787 1250 1888">
    <p class='ocr_par' dir='ltr' id='par_1_10' title="bbox 65 1787 1250 1888">
     <span class='ocr_line' id='line_1_10' title="bbox 65 1787 1250 1888; baseline 0 -26"><span class='ocrx_word' id='word_1_35' title='bbox 65 1793 179 1888; x_wconf 82' lang='lat' dir='ltr'><strong>hujus</strong></span> <span class='ocrx_word' id='word_1_36' title='bbox 191 1795 243 1864; x_wconf 89' lang='lat' dir='ltr'><strong>rei</strong></span> <span class='ocrx_word' id='word_1_37' title='bbox 254 1795 474 1865; x_wconf 84' lang='lat' dir='ltr'><strong>uberrimum</strong></span> <span class='ocrx_word' id='word_1_38' title='bbox 486 1795 600 1888; x_wconf 91' lang='lat' dir='ltr'><strong>capio.</strong></span> <span class='ocrx_word' id='word_1_39' title='bbox 619 1796 671 1865; x_wconf 89' lang='lat' dir='ltr'><strong>Tu</strong></span> <span class='ocrx_word' id='word_1_40' title='bbox 682 1795 777 1864; x_wconf 89' lang='lat' dir='ltr'><strong>cnitn</strong></span> <span class='ocrx_word' id='word_1_41' title='bbox 788 1796 827 1864; x_wconf 92' lang='lat' dir='ltr'><strong>in</strong></span> <span class='ocrx_word' id='word_1_42' title='bbox 838 1792 1077 1876; x_wconf 82' lang='lat' dir='ltr'><strong>honestissimi</strong></span> <span class='ocrx_word' id='word_1_43' title='bbox 1166 1787 1176 1839; x_wconf 61' lang='grc' dir='ltr'>Γ</span> <span class='ocrx_word' id='word_1_44' title='bbox 1201 1869 1202 1876; x_wconf 7' lang='grc' dir='ltr'>χ</span> <span class='ocrx_word' id='word_1_45' title='bbox 1247 1823 1250 1834; x_wconf 88' lang='grc'>·</span> 
     </span>
    </p>
   </div>
   <div class='ocr_carea' id='block_1_11' title="bbox 63 1907 1105 2114">
    <p class='ocr_par' dir='ltr' id='par_1_11' title="bbox 63 1907 1105 2114">
     <span class='ocr_line' id='line_1_11' title="bbox 63 1907 1076 2012; baseline 0 -36"><span class='ocrx_word' id='word_1_46' title='bbox 63 1907 133 1976; x_wconf 92' lang='lat' dir='ltr'><strong>otii</strong></span> <span class='ocrx_word' id='word_1_47' title='bbox 156 1919 302 2000; x_wconf 88' lang='lat' dir='ltr'><strong>portum</strong></span> <span class='ocrx_word' id='word_1_48' title='bbox 323 1907 479 1998; x_wconf 87' lang='lat' dir='ltr'><strong>delatus,</strong></span> <span class='ocrx_word' id='word_1_49' title='bbox 504 1907 596 1976; x_wconf 93' lang='lat' dir='ltr'><strong>nihil</strong></span> <span class='ocrx_word' id='word_1_50' title='bbox 619 1932 764 2012; x_wconf 85' lang='lat' dir='ltr'><strong>corum,</strong></span> <span class='ocrx_word' id='word_1_51' title='bbox 788 1907 920 2002; x_wconf 92' lang='lat' dir='ltr'><strong>quibus</strong></span> <span class='ocrx_word' id='word_1_52' title='bbox 942 1907 1076 1978; x_wconf 83' lang='lat' dir='ltr'><strong>literati</strong></span> 
     </span>
     <span class='ocr_line' id='line_1_12' title="bbox 64 2018 1105 2114; baseline 0.002 -26"><span class='ocrx_word' id='word_1_53' title='bbox 64 2019 224 2090; x_wconf 88' lang='lat' dir='ltr'><strong>hominis</strong></span> <span class='ocrx_word' id='word_1_54' title='bbox 254 2020 403 2091; x_wconf 83' lang='lat' dir='ltr'><strong>felicitas</strong></span> <span class='ocrx_word' id='word_1_55' title='bbox 430 2033 608 2110; x_wconf 84' lang='lat' dir='ltr'><strong>censetur,</strong></span> <span class='ocrx_word' id='word_1_56' title='bbox 626 2020 794 2114; x_wconf 82' lang='lat' dir='ltr'><strong>requiris,</strong></span> <span class='ocrx_word' id='word_1_57' title='bbox 812 2031 847 2090; x_wconf 89' lang='lat' dir='ltr'><strong>et</strong></span> <span class='ocrx_word' id='word_1_58' title='bbox 869 2021 934 2113; x_wconf 90' lang='lat' dir='ltr'><strong>qui</strong></span> <span class='ocrx_word' id='word_1_59' title='bbox 956 2033 992 2090; x_wconf 87' lang='lat' dir='ltr'><strong>te</strong></span> <span class='ocrx_word' id='word_1_60' title='bbox 1009 2018 1076 2112; x_wconf 89' lang='lat' dir='ltr'><strong>ju-</strong></span> <span class='ocrx_word' id='word_1_61' title='bbox 1101 2051 1105 2056; x_wconf 91' lang='lat'><em>·</em></span> 
     </span>
    </p>
   </div>
   <div class='ocr_carea' id='block_1_12' title="bbox 10 2133 1075 2228">
    <p class='ocr_par' dir='ltr' id='par_1_12' title="bbox 10 2133 1075 2228">
     <span class='ocr_line' id='line_1_13' title="bbox 10 2133 1075 2228; baseline 0 -26"><span class='ocrx_word' id='word_1_62' title='bbox 10 2137 12 2162; x_wconf 67' lang='lat'>¹</span> <span class='ocrx_word' id='word_1_63' title='bbox 64 2133 207 2202; x_wconf 89' lang='lat' dir='ltr'><strong>ventuti</strong></span> <span class='ocrx_word' id='word_1_64' title='bbox 224 2134 437 2204; x_wconf 85' lang='lat' dir='ltr'><strong>crudiendae</strong></span> <span class='ocrx_word' id='word_1_65' title='bbox 451 2134 721 2228; x_wconf 82' lang='lat' dir='ltr'><strong>praefecerunt,</strong></span> <span class='ocrx_word' id='word_1_66' title='bbox 745 2158 818 2203; x_wconf 92' lang='lat' dir='ltr'><strong>non</strong></span> <span class='ocrx_word' id='word_1_67' title='bbox 843 2135 957 2204; x_wconf 88' lang='lat' dir='ltr'><strong>solum</strong></span> <span class='ocrx_word' id='word_1_68' title='bbox 975 2145 1075 2203; x_wconf 90' lang='lat' dir='ltr'><strong>tanto</strong></span> 
     </span>
    </p>
   </div>
   <div class='ocr_carea' id='block_1_13' title="bbox 63 2245 1073 2348">
    <p class='ocr_par' dir='ltr' id='par_1_13' title="bbox 63 2245 1073 2348">
     <span class='ocr_line' id='line_1_14' title="bbox 63 2245 1073 2348; baseline 0.001 -33"><span class='ocrx_word' id='word_1_69' title='bbox 63 2247 213 2316; x_wconf 87' lang='lat' dir='ltr'><strong>doctore</strong></span> <span class='ocrx_word' id='word_1_70' title='bbox 240 2247 461 2340; x_wconf 81' lang='lat' dir='ltr'><strong>gloriantur,</strong></span> <span class='ocrx_word' id='word_1_71' title='bbox 486 2248 547 2318; x_wconf 86' lang='lat' dir='ltr'><strong>sed</strong></span> <span class='ocrx_word' id='word_1_72' title='bbox 573 2248 643 2348; x_wconf 83' lang='lat' dir='ltr'><strong>sibi</strong></span> <span class='ocrx_word' id='word_1_73' title='bbox 666 2249 743 2340; x_wconf 85' lang='lat' dir='ltr'><strong>jam</strong></span> <span class='ocrx_word' id='word_1_74' title='bbox 776 2245 1073 2335; x_wconf 88' lang='lat' dir='ltr'><strong>sollicitudinem,</strong></span> 
     </span>
    </p>
   </div>
   <div class='ocr_carea' id='block_1_14' title="bbox 10 2359 1077 2462">
    <p class='ocr_par' dir='ltr' id='par_1_14' title="bbox 10 2359 1077 2462">
     <span class='ocr_line' id='line_1_15' title="bbox 10 2359 1077 2462; baseline 0.001 -33"><span class='ocrx_word' id='word_1_75' title='bbox 10 2389 11 2392; x_wconf 42' lang='lat'>¹</span> <span class='ocrx_word' id='word_1_76' title='bbox 65 2383 280 2462; x_wconf 83' lang='lat' dir='ltr'><strong>quanquam</strong></span> <span class='ocrx_word' id='word_1_77' title='bbox 295 2385 422 2430; x_wconf 89' lang='lat' dir='ltr'><strong>vanam</strong></span> <span class='ocrx_word' id='word_1_78' title='bbox 439 2373 474 2431; x_wconf 90' lang='lat' dir='ltr'><strong>at</strong></span> <span class='ocrx_word' id='word_1_79' title='bbox 489 2361 650 2452; x_wconf 89' lang='lat' dir='ltr'><strong>inanem,</strong></span> <span class='ocrx_word' id='word_1_80' title='bbox 667 2375 708 2431; x_wconf 92' lang='lat' dir='ltr'><strong>ut</strong></span> <span class='ocrx_word' id='word_1_81' title='bbox 725 2386 847 2455; x_wconf 88' lang='lat' dir='ltr'><strong>spero,</strong></span> <span class='ocrx_word' id='word_1_82' title='bbox 864 2359 926 2430; x_wconf 84' lang='lat' dir='ltr'><strong>sed</strong></span> <span class='ocrx_word' id='word_1_83' title='bbox 942 2361 1077 2430; x_wconf 50' lang='lat' dir='ltr'><strong>sollici*</strong></span> 
     </span>
    </p>
   </div>
   <div class='ocr_carea' id='block_1_15' title="bbox 64 2461 1077 3021">
    <p class='ocr_par' dir='ltr' id='par_1_15' title="bbox 64 2461 1077 3021">
     <span class='ocr_line' id='line_1_16' title="bbox 65 2461 1073 2574; baseline 0 -32"><span class='ocrx_word' id='word_1_84' title='bbox 65 2472 232 2574; x_wconf 85' lang='lat' dir='ltr'><strong>tudinem</strong></span> <span class='ocrx_word' id='word_1_85' title='bbox 249 2486 408 2574; x_wconf 90' lang='lat' dir='ltr'><strong>struunt,</strong></span> <span class='ocrx_word' id='word_1_86' title='bbox 426 2474 651 2568; x_wconf 87' lang='lat' dir='ltr'><strong>nequando,</strong></span> <span class='ocrx_word' id='word_1_87' title='bbox 674 2473 767 2543; x_wconf 70' lang='lat' dir='ltr'><strong>sami</strong></span> <span class='ocrx_word' id='word_1_88' title='bbox 784 2461 891 2546; x_wconf 84' lang='lat' dir='ltr'><strong>latius</strong></span> <span class='ocrx_word' id='word_1_89' title='bbox 906 2485 1073 2567; x_wconf 81' lang='lat' dir='ltr'><strong>vagante,</strong></span> 
     </span>
     <span class='ocr_line' id='line_1_17' title="bbox 66 2585 1077 2682; baseline 0.001 -27"><span class='ocrx_word' id='word_1_90' title='bbox 66 2587 210 2656; x_wconf 83' lang='lat' dir='ltr'><strong>desinas</strong></span> <span class='ocrx_word' id='word_1_91' title='bbox 228 2611 301 2656; x_wconf 88' lang='lat' dir='ltr'><strong>essa</strong></span> <span class='ocrx_word' id='word_1_92' title='bbox 318 2612 413 2657; x_wconf 90' lang='lat' dir='ltr'><strong>suus.</strong></span> <span class='ocrx_word' id='word_1_93' title='bbox 433 2587 644 2682; x_wconf 84' lang='lat' dir='ltr'><strong>Plutarchus</strong></span> <span class='ocrx_word' id='word_1_94' title='bbox 660 2599 743 2657; x_wconf 91' lang='lat' dir='ltr'><strong>tuus</strong></span> <span class='ocrx_word' id='word_1_95' title='bbox 765 2585 899 2679; x_wconf 70' lang='lat' dir='ltr'><strong>quanta</strong></span> <span class='ocrx_word' id='word_1_96' title='bbox 919 2610 1002 2656; x_wconf 88' lang='lat' dir='ltr'><strong>oum</strong></span> <span class='ocrx_word' id='word_1_97' title='bbox 1016 2586 1077 2656; x_wconf 89' lang='lat' dir='ltr'><strong>in-</strong></span> 
     </span>
     <span class='ocr_line' id='line_1_18' title="bbox 64 2689 1076 2794; baseline 0 -26"><span class='ocrx_word' id='word_1_98' title='bbox 64 2699 165 2794; x_wconf 87' lang='lat' dir='ltr'><strong>genii</strong></span> <span class='ocrx_word' id='word_1_99' title='bbox 192 2711 228 2770; x_wconf 87' lang='lat' dir='ltr'><strong>at</strong></span> <span class='ocrx_word' id='word_1_100' title='bbox 256 2700 436 2770; x_wconf 85' lang='lat' dir='ltr'><strong>doctrinae</strong></span> <span class='ocrx_word' id='word_1_101' title='bbox 463 2701 695 2769; x_wconf 86' lang='lat' dir='ltr'><strong>admiratione</strong></span> <span class='ocrx_word' id='word_1_102' title='bbox 723 2699 769 2769; x_wconf 88' lang='lat' dir='ltr'><strong>ab</strong></span> <span class='ocrx_word' id='word_1_103' title='bbox 795 2689 981 2789; x_wconf 89' lang='lat' dir='ltr'><strong>omnibus,</strong></span> <span class='ocrx_word' id='word_1_104' title='bbox 1010 2699 1076 2792; x_wconf 91' lang='lat' dir='ltr'><strong>qui</strong></span> 
     </span>
     <span class='ocr_line' id='line_1_19' title="bbox 66 2803 1074 2908; baseline -0.002 -26"><span class='ocrx_word' id='word_1_105' title='bbox 66 2826 166 2883; x_wconf 83' lang='lat' dir='ltr'><strong>recte</strong></span> <span class='ocrx_word' id='word_1_106' title='bbox 186 2814 349 2906; x_wconf 86' lang='lat' dir='ltr'><strong>judicare</strong></span> <span class='ocrx_word' id='word_1_107' title='bbox 372 2825 540 2908; x_wconf 86' lang='lat' dir='ltr'><strong>possunt,</strong></span> <span class='ocrx_word' id='word_1_108' title='bbox 566 2825 731 2908; x_wconf 84' lang='lat' dir='ltr'><strong>exceptus</strong></span> <span class='ocrx_word' id='word_1_109' title='bbox 755 2803 825 2902; x_wconf 84' lang='lat' dir='ltr'><strong>sit,</strong></span> <span class='ocrx_word' id='word_1_110' title='bbox 842 2837 915 2882; x_wconf 93' lang='lat' dir='ltr'><strong>non</strong></span> <span class='ocrx_word' id='word_1_111' title='bbox 930 2812 1074 2902; x_wconf 90' lang='lat' dir='ltr'><strong>dubito,</strong></span> 
     </span>
     <span class='ocr_line' id='line_1_20' title="bbox 66 2925 1077 3021; baseline -0.001 -27"><span class='ocrx_word' id='word_1_112' title='bbox 66 2926 161 3021; x_wconf 78' lang='lat' dir='ltr'><strong>quin</strong></span> <span class='ocrx_word' id='word_1_113' title='bbox 183 2927 305 2997; x_wconf 91' lang='lat' dir='ltr'><strong>multis</strong></span> <span class='ocrx_word' id='word_1_114' title='bbox 325 2929 520 2996; x_wconf 90' lang='lat' dir='ltr'><strong>multorum</strong></span> <span class='ocrx_word' id='word_1_115' title='bbox 535 2927 647 2997; x_wconf 89' lang='lat' dir='ltr'><strong>literis</strong></span> <span class='ocrx_word' id='word_1_116' title='bbox 667 2925 881 3020; x_wconf 78' lang='lat' dir='ltr'><strong>cognoveris.</strong></span> <span class='ocrx_word' id='word_1_117' title='bbox 898 2925 1077 3004; x_wconf 85' lang='lat' dir='ltr'><strong>Donaram</strong></span> 
     </span>
    </p>
   </div>
   <div class='ocr_carea' id='block_1_16' title="bbox 10 3021 1170 3134">
    <p class='ocr_par' dir='ltr' id='par_1_16' title="bbox 10 3021 1170 3134">
     <span class='ocr_line' id='line_1_21' title="bbox 10 3021 1170 3134; baseline 0.001 -27"><span class='ocrx_word' id='word_1_118' title='bbox 10 3031 11 3034; x_wconf 27' lang='lat'>¹</span> <span class='ocrx_word' id='word_1_119' title='bbox 66 3021 271 3134; x_wconf 84' lang='lat' dir='ltr'><strong>exemplum</strong></span> <span class='ocrx_word' id='word_1_120' title='bbox 289 3041 608 3134; x_wconf 82' lang='lat' dir='ltr'><strong>intelligentissimo</strong></span> <span class='ocrx_word' id='word_1_121' title='bbox 631 3039 758 3110; x_wconf 89' lang='lat' dir='ltr'><strong>harum</strong></span> <span class='ocrx_word' id='word_1_122' title='bbox 779 3039 965 3109; x_wconf 87' lang='lat' dir='ltr'><strong>literarum</strong></span> <span class='ocrx_word' id='word_1_123' title='bbox 985 3040 1078 3110; x_wconf 83' lang='lat' dir='ltr'><strong>exis-</strong></span> <span class='ocrx_word' id='word_1_124' title='bbox 1167 3028 1170 3035; x_wconf 37' lang='lat'><strong>¹</strong></span> 
     </span>
    </p>
   </div>
   <div class='ocr_carea' id='block_1_17' title="bbox 65 3153 1078 3469">
    <p class='ocr_par' dir='ltr' id='par_1_17' title="bbox 65 3153 1078 3469">
     <span class='ocr_line' id='line_1_22' title="bbox 67 3153 1078 3248; baseline 0 -25"><span class='ocrx_word' id='word_1_125' title='bbox 67 3154 250 3244; x_wconf 90' lang='lat' dir='ltr'><strong>timatori,</strong></span> <span class='ocrx_word' id='word_1_126' title='bbox 274 3153 430 3224; x_wconf 54' lang='lat' dir='ltr'><strong>Claudio*</strong></span> <span class='ocrx_word' id='word_1_127' title='bbox 446 3153 622 3248; x_wconf 85' lang='lat' dir='ltr'><strong>Salgasio,</strong></span> <span class='ocrx_word' id='word_1_128' title='bbox 650 3177 760 3248; x_wconf 88' lang='lat' dir='ltr'><strong>quem</strong></span> <span class='ocrx_word' id='word_1_129' title='bbox 781 3177 897 3247; x_wconf 86' lang='lat' dir='ltr'><strong>prope</strong></span> <span class='ocrx_word' id='word_1_130' title='bbox 920 3154 1034 3222; x_wconf 89' lang='lat' dir='ltr'><strong>solum</strong></span> <span class='ocrx_word' id='word_1_131' title='bbox 1057 3177 1078 3223; x_wconf 84' lang='lat' dir='ltr'><strong>e</strong></span> 
     </span>
     <span class='ocr_line' id='line_1_23' title="bbox 65 3257 1078 3362; baseline -0.003 -26"><span class='ocrx_word' id='word_1_132' title='bbox 65 3291 198 3362; x_wconf 85' lang='lat' dir='ltr'><strong>genere</strong></span> <span class='ocrx_word' id='word_1_133' title='bbox 219 3267 380 3358; x_wconf 83' lang='lat' dir='ltr'><strong>literato,</strong></span> <span class='ocrx_word' id='word_1_134' title='bbox 405 3268 559 3338; x_wconf 88' lang='lat' dir='ltr'><strong>amicum</strong></span> <span class='ocrx_word' id='word_1_135' title='bbox 574 3257 692 3337; x_wconf 89' lang='lat' dir='ltr'><strong>dicero</strong></span> <span class='ocrx_word' id='word_1_136' title='bbox 714 3291 860 3361; x_wconf 88' lang='lat' dir='ltr'><strong>possum</strong></span> <span class='ocrx_word' id='word_1_137' title='bbox 882 3289 1023 3353; x_wconf 82' lang='lat' dir='ltr'><strong>verum,</strong></span> <span class='ocrx_word' id='word_1_138' title='bbox 1041 3275 1078 3334; x_wconf 87' lang='lat' dir='ltr'><strong>at</strong></span> 
     </span>
     <span class='ocr_line' id='line_1_24' title="bbox 65 3378 1078 3469; baseline -0.004 -19"><span class='ocrx_word' id='word_1_139' title='bbox 65 3381 180 3469; x_wconf 79' lang='lat' dir='ltr'><strong>nullis</strong></span> <span class='ocrx_word' id='word_1_140' title='bbox 198 3381 431 3452; x_wconf 87' lang='lat' dir='ltr'><strong>simulationis</strong></span> <span class='ocrx_word' id='word_1_141' title='bbox 449 3381 641 3452; x_wconf 85' lang='lat' dir='ltr'><strong>involucris</strong></span> <span class='ocrx_word' id='word_1_142' title='bbox 658 3393 804 3454; x_wconf 84' lang='lat' dir='ltr'><strong>tectum.</strong></span> <span class='ocrx_word' id='word_1_143' title='bbox 828 3380 864 3450; x_wconf 89' lang='lat' dir='ltr'><strong>Is</strong></span> <span class='ocrx_word' id='word_1_144' title='bbox 885 3378 1004 3464; x_wconf 85' lang='lat' dir='ltr'><strong>statim</strong></span> <span class='ocrx_word' id='word_1_145' title='bbox 1019 3401 1078 3446; x_wconf 87' lang='lat' dir='ltr'><strong>ma</strong></span> 
     </span>
    </p>
   </div>
   <div class='ocr_carea' id='block_1_18' title="bbox 10 3490 1090 3816">
    <p class='ocr_par' dir='ltr' id='par_1_18' title="bbox 10 3490 1090 3816">
     <span class='ocr_line' id='line_1_25' title="bbox 10 3490 1090 3588; baseline -0.006 -24"><span class='ocrx_word' id='word_1_146' title='bbox 10 3503 11 3586; x_wconf 61' lang='grc' dir='ltr'>ᾖ</span> <span class='ocrx_word' id='word_1_147' title='bbox 61 3493 179 3587; x_wconf 87' lang='lat' dir='ltr'><strong>jussit</strong></span> <span class='ocrx_word' id='word_1_148' title='bbox 202 3505 357 3588; x_wconf 87' lang='lat' dir='ltr'><strong>quatuor</strong></span> <span class='ocrx_word' id='word_1_149' title='bbox 379 3495 449 3564; x_wconf 89' lang='lat' dir='ltr'><strong>alia</strong></span> <span class='ocrx_word' id='word_1_150' title='bbox 470 3493 683 3588; x_wconf 85' lang='lat' dir='ltr'><strong>exemplaria</strong></span> <span class='ocrx_word' id='word_1_151' title='bbox 699 3492 901 3562; x_wconf 91' lang='lat' dir='ltr'><strong>Londinum</strong></span> <span class='ocrx_word' id='word_1_152' title='bbox 917 3490 1090 3580; x_wconf 65' lang='lat' dir='ltr'><strong>mittero,</strong></span> 
     </span>
     <span class='ocr_line' id='line_1_26' title="bbox 10 3595 1078 3702; baseline -0.005 -26"><span class='ocrx_word' id='word_1_153' title='bbox 10 3679 11 3684; x_wconf 60' lang='grc'>,</span> <span class='ocrx_word' id='word_1_154' title='bbox 64 3620 110 3676; x_wconf 83' lang='grc' dir='ltr'><strong>ιιι</strong></span> <span class='ocrx_word' id='word_1_155' title='bbox 121 3606 322 3702; x_wconf 82' lang='lat' dir='ltr'><strong>Anglorum</strong></span> <span class='ocrx_word' id='word_1_156' title='bbox 333 3595 523 3702; x_wconf 85' lang='lat' dir='ltr'><strong>cupiditati</strong></span> <span class='ocrx_word' id='word_1_157' title='bbox 536 3605 731 3676; x_wconf 87' lang='lat' dir='ltr'><strong>satisfieret.</strong></span> <span class='ocrx_word' id='word_1_158' title='bbox 748 3603 819 3702; x_wconf 82' lang='lat' dir='ltr'><strong>Qui</strong></span> <span class='ocrx_word' id='word_1_159' title='bbox 829 3602 962 3674; x_wconf 79' lang='lat' dir='ltr'><strong>librum</strong></span> <span class='ocrx_word' id='word_1_160' title='bbox 974 3615 1078 3686; x_wconf 88' lang='lat' dir='ltr'><strong>tuum</strong></span> 
     </span>
     <span class='ocr_line' id='line_1_27' title="bbox 10 3715 1076 3816; baseline -0.004 -26"><span class='ocrx_word' id='word_1_161' title='bbox 10 3797 11 3812; x_wconf 12' lang='grc' dir='ltr'>ἦ</span> <span class='ocrx_word' id='word_1_162' title='bbox 65 3723 119 3791; x_wconf 87' lang='lat' dir='ltr'><strong>ita</strong></span> <span class='ocrx_word' id='word_1_163' title='bbox 136 3722 353 3816; x_wconf 87' lang='lat' dir='ltr'><strong>probarunt,</strong></span> <span class='ocrx_word' id='word_1_164' title='bbox 370 3735 412 3792; x_wconf 89' lang='lat' dir='ltr'><strong>ut</strong></span> <span class='ocrx_word' id='word_1_165' title='bbox 427 3722 458 3791; x_wconf 90' lang='lat' dir='ltr'><strong>si</strong></span> <span class='ocrx_word' id='word_1_166' title='bbox 474 3721 566 3791; x_wconf 90' lang='lat' dir='ltr'><strong>tuin</strong></span> <span class='ocrx_word' id='word_1_167' title='bbox 586 3718 768 3790; x_wconf 82' lang='lat' dir='ltr'><strong>Plutarchi</strong></span> <span class='ocrx_word' id='word_1_168' title='bbox 785 3717 912 3788; x_wconf 90' lang='lat' dir='ltr'><strong>edendi</strong></span> <span class='ocrx_word' id='word_1_169' title='bbox 928 3715 1076 3787; x_wconf 89' lang='lat' dir='ltr'><strong>consilio</strong></span> 
     </span>
    </p>
   </div>
   <div class='ocr_carea' id='block_1_19' title="bbox 10 3869 12 3926">
    <p class='ocr_par' dir='ltr' id='par_1_19' title="bbox 10 3869 12 3926">
     <span class='ocr_line' id='line_1_28' title="bbox 10 3869 12 3926; baseline 0 0"><span class='ocrx_word' id='word_1_170' title='bbox 10 3869 12 3926; x_wconf 74' lang='lat' dir='ltr'><strong>l</strong></span> 
     </span>
    </p>
   </div>
   <div class='ocr_carea' id='block_1_20' title="bbox 10 4019 14 4070">
    <p class='ocr_par' dir='ltr' id='par_1_20' title="bbox 10 4019 14 4070">
     <span class='ocr_line' id='line_1_29' title="bbox 10 4019 14 4070; baseline 0 0"><span class='ocrx_word' id='word_1_171' title='bbox 10 4019 14 4070; x_wconf 83' lang='lat' dir='ltr'><strong>l</strong></span> 
     </span>
    </p>
   </div>
   <div class='ocr_carea' id='block_1_21' title="bbox 10 4085 14 4252">
    <p class='ocr_par' dir='ltr' id='par_1_21' title="bbox 10 4085 14 4252">
     <span class='ocr_line' id='line_1_30' title="bbox 10 4085 14 4252; baseline 0 0"><span class='ocrx_word' id='word_1_172' title='bbox 10 4085 14 4252; x_wconf 81' lang='lat' dir='ltr'><strong>l</strong></span> 
     </span>
    </p>
   </div>
   <div class='ocr_carea' id='block_1_22' title="bbox 10 4289 13 4396">
    <p class='ocr_par' dir='ltr' id='par_1_22' title="bbox 10 4289 13 4440">
     <span class='ocr_line' id='line_1_31' title="bbox 10 4289 13 4396; baseline 0 30"><span class='ocrx_word' id='word_1_173' title='bbox 10 4289 13 4396; x_wconf 77' lang='grc' dir='ltr'>Ι</span> 
     </span>
    </p>
   </div>
   <div class='ocr_carea' id='block_1_23' title="bbox 67 3829 1077 3930">
    <p class='ocr_par' dir='ltr' id='par_1_23' title="bbox 67 3829 1077 3930">
     <span class='ocr_line' id='line_1_32' title="bbox 67 3829 1077 3930; baseline -0.004 -26"><span class='ocrx_word' id='word_1_174' title='bbox 67 3835 294 3930; x_wconf 70' lang='lat' dir='ltr'><strong>persisteres,</strong></span> <span class='ocrx_word' id='word_1_175' title='bbox 319 3835 427 3908; x_wconf 86' lang='lat' dir='ltr'><strong>fidem</strong></span> <span class='ocrx_word' id='word_1_176' title='bbox 452 3859 552 3907; x_wconf 87' lang='lat' dir='ltr'><strong>auam</strong></span> <span class='ocrx_word' id='word_1_177' title='bbox 578 3830 732 3928; x_wconf 85' lang='lat' dir='ltr'><strong>Salgasio</strong></span> <span class='ocrx_word' id='word_1_178' title='bbox 752 3831 1014 3925; x_wconf 70' lang='lat' dir='ltr'><strong>adstringerent,</strong></span> <span class='ocrx_word' id='word_1_179' title='bbox 1031 3829 1077 3900; x_wconf 91' lang='lat' dir='ltr'><strong>ad</strong></span> 
     </span>
    </p>
   </div>
   <div class='ocr_carea' id='block_1_24' title="bbox 10 3932 1200 4046">
    <p class='ocr_par' dir='ltr' id='par_1_24' title="bbox 10 3932 1200 4046">
     <span class='ocr_line' id='line_1_33' title="bbox 10 3932 1200 4046; baseline -0.005 -27"><span class='ocrx_word' id='word_1_180' title='bbox 10 3939 12 3954; x_wconf 77' lang='grc'>’</span> <span class='ocrx_word' id='word_1_181' title='bbox 67 3950 191 4045; x_wconf 86' lang='lat' dir='ltr'><strong>copias</strong></span> <span class='ocrx_word' id='word_1_182' title='bbox 219 3949 451 4046; x_wconf 83' lang='lat' dir='ltr'><strong>Anglicarum</strong></span> <span class='ocrx_word' id='word_1_183' title='bbox 482 3949 782 4020; x_wconf 85' lang='lat' dir='ltr'><strong>Bibliothecarum</strong></span> <span class='ocrx_word' id='word_1_184' title='bbox 809 3943 1079 4026; x_wconf 82' lang='lat' dir='ltr'><strong>submittendas.</strong></span> <span class='ocrx_word' id='word_1_185' title='bbox 1198 3932 1200 3935; x_wconf 51' lang='grc'>’</span> 
     </span>
    </p>
   </div>
   <div class='ocr_carea' id='block_1_25' title="bbox 0 0 1368 4558">
    <p class='ocr_par' dir='ltr' id='par_1_25' title="bbox 0 0 1368 4558">
     <span class='ocr_line' id='line_1_34' title="bbox 0 0 1368 4558; baseline 0 0"><span class='ocrx_word' id='word_1_186' title='bbox 0 0 1368 4558; x_wconf 95' lang='lat' dir='ltr'><strong> </strong></span> 
     </span>
    </p>
   </div>
  </div>
 </body>
</html>
