2728 4558
134 538 217 636 Pog.
231 536 290 612 27.
309 539 451 631 ἐωμένοις
463 541 545 632 ὑμῖν.
558 543 616 615 Sic
627 545 762 634 Latini,
775 545 873 615 nolis
885 546 1085 617 volentibus.

82 653 190 724 Hanc
201 656 374 749 loquendi
386 655 533 726 formam
544 659 650 728 multi
660 659 882 729 illustrarunt
894 711 904 749 ,
917 672 1089 754 tanquam

82 767 128 837 P.
146 768 350 863 leopardus
361 769 508 868 Emend.
525 770 591 860 IV,
605 767 652 840 23
657 823 667 860 ,
680 772 885 840 Buchnerus
897 773 940 842 de
952 773 1086 842 Comm.

83 880 261 951 liat-llic.
272 907 353 977 pag.
372 878 453 973 327,
468 895 502 952 et
513 883 738 954 Marklandus
750 885 795 954 ad
806 884 983 980 Max.Tyr.
996 885 1086 954 Diss.

83 993 196 1083 XIII,
213 1019 294 1089 pag.
312 991 396 1064 676.

135 1108 191 1177 Ib.
212 1105 307 1193 aisis
320 1107 519 1204 κρυπτοῦσης.
534 1109 604 1179 Nec
615 1111 798 1204 vulgatum
809 1134 992 1204 concoquo
1000 1163 1010 1200 ,
1023 1133 1090 1181 nec

65 1317 67 1320 Ι
84 1211 193 1289 valde
206 1222 324 1314 placet
342 1219 586 1318 οἱστραπτοόσκς.
606 1222 717 1292 Aliud
736 1225 845 1291 latere
863 1223 1090 1317 puto,'quod

82 1357 186 1403 nuno
202 1359 374 1427 quaerere
389 1359 462 1403 non
477 1348 589 1405 vacat.

134 1446 218 1540 Pag.
244 1443 301 1516 30.
326 1447 425 1518 Nihil
450 1448 656 1542 exquisitius
683 1447 738 1517 his
765 1440 1086 1538 emendationibus,

81 1584 177 1653 quas
193 1560 270 1654 ipse
287 1585 433 1654 quoque
444 1561 611 1630 videram.
626 1560 693 1629 Sed
704 1560 868 1641 βεβηκέναι
879 1585 952 1654 non
962 1567 1088 1654 poctae

79 1685 245 1763 tantum,
269 1697 392 1742 verum
419 1674 525 1742 etiam
552 1698 678 1766 prosae
705 1675 872 1743 orationis
900 1674 1088 1767 scriptores

81 1785 212 1855 dicunt
227 1786 271 1855 do
287 1786 410 1875 rebus,
428 1811 520 1879 quac
536 1775 637 1855 firme
654 1787 861 1856 consistunt.
875 1786 964 1856 .Vid.
984 1787 1088 1854 Hem-

81 1899 237 1969 sterhus.
255 1898 301 1968 ad
317 1899 514 1968 Lucianum
536 1901 631 1969 Tom.
654 1901 684 1968 I.
703 1924 784 1992 pag.
807 1895 894 1988 278,
919 1911 954 1968 et
975 1900 1088 1968 Inter·

79 2025 204 2105 protes
220 2011 265 2080 ad
280 2012 499 2081 Herodotum
515 2012 604 2102 VII,
623 2037 702 2106 pag.
722 2008 803 2094 581,

133 2122 216 2218 Pag.
232 2120 304 2193 ¹33.
332 2123 420 2201 ἕλπις
445 2123 629 2221 κουρὸτρὸφος
656 2125 696 2193 in
718 2124 860 2218 synesio
883 2148 957 2192 non
981 2124 1087 2194 debet

10 2297 21 2306 .
81 2237 281 2318 sollicitari.
298 2237 388 2308 Nam
404 2237 626 2336 aliiquoque
643 2239 692 2306 sic
706 2238 850 2307 Pindari
863 2262 1003 2328 versum
1014 2239 1087 2306 lau-

82 2351 174 2420 dant
191 2375 198 2419 :
218 2362 388 2444 tanquam
411 2351 685 2442 Chrijsostomus
702 2352 798 2420 Tom.
816 2351 886 2439 VI,
903 2375 984 2444 pag.
1004 2346 1086 2420 183.

81 2463 176 2532 vid.
189 2463 384 2557 spanhem.
403 2464 668 2534 ad'Callimach.
690 2465 735 2532 H.
754 2464 793 2532 in
807 2464 884 2532 llcl.
903 2460 936 2531 2.
954 2463 1085 2553 Credo,

83 2577 372 2669 antiquissimam
388 2603 462 2647 esse
478 2578 569 2646 hano
586 2577 809 2672 ὃιττογριῳίαν.
924 2665 926 2670 Α

133 2687 216 2783 Pag.
235 2685 294 2769 34.
312 2685 383 2759 rivae
397 2687 450 2761 ‘cdv
466 2687 568 2778 pardo.
585 2690 683 2759 Nihil
697 2690 776 2758 vitii
788 2690 826 2758 in
837 2688 905 2759 hoc
916 2691 1005 2784 loco,
1019 2689 1088 2760 Sed

82 2802 151 2871 uhi
171 2802 288 2896 legisti
312 2798 386 2874 rivas
407 2829 474 2896 pro
497 2800 596 2874 stru?
616 2802 784 2872 Nondum
799 2793 928 2872 videris
944 2803 1085 2896 legisse,

84 2940 181 3008 quae
196 2927 297 2984 notat
312 2915 523 2986 D'Orvillius
539 2917 585 2984 ad
600 2915 731 2988 Charit.
749 2941 829 3010 pag.
847 2911 929 2984 467.
963 2938 965 2943 ·

135 3027 188 3098 lh.
213 3028 404 3098 Verissime
425 3028 587 3122 corrigis,
613 3029 674 3104 πῶς
698 3025 733 3096 a}
749 3027 802 3124 oric
820 3027 941 3105 illvm.
966 3019 1034 3096 se'd
1049 3027 1089 3096 in

82 3141 212 3210 vicinis
235 3154 271 3211 te
293 3142 383 3210 ratio
407 3139 541 3210 fefellit.
566 3139 662 3233 Quid
679 3134 814 3221 enim?
832 3141 912 3210 Non
930 3153 1089 3234 uterque

82 3253 248 3324 nostrdm
271 3266 322 3324 est
346 3254 479 3331 amicus
502 3253 675 3342 Platonis,
698 3254 782 3322 licet
804 3266 887 3322 ante
914 3254 969 3323 bis
991 3254 1089 3322 mille

83 3391 197 3437 annos
208 3369 352 3457 vixerit,
364 3368 448 3438 licet
460 3367 571 3438 oculis
587 3366 715 3436 nostris
729 3390 803 3436 non
814 3367 859 3435 sit
872 3361 1089 3458 usurpatus?

82 3481 222 3550 Deinde
247 3482 364 3563 minus
388 3494 556 3552 accurate·
572 3491 726 3548 mentem
750 3491 848 3546 tuam
871 3474 1086 3572 significasti.

78 3579 192 3683 Nam,
217 3595 368 3665 admissi
390 3595 498 3664 etiam
521 3593 737 3692 correctione
759 3591 836 3681 tud,
860 3591 905 3660 de
928 3596 1089 3683 temporis

83 3708 275 3778 intervallo
298 3709 432 3804 agitur,
455 3709 594 3778 nonde
618 3709 695 3776 loci.

116 3820 216 3916 ·Pag.
239 3819 298 3891 36.
318 3822 450 3910 Acute,
468 3833 520 3910 et,
537 3833 579 3890 ut
594 3820 684 3888 mihi
700 3818 858 3907 videtur,
876 3841 957 3886 vere
973 3839 1088 3886 emen

87 3933 150 4005 das
170 3960 177 4005 2
196 3935 408 4032 πορευέμενον,
425 3932 478 4006 oria
502 3931 633 4006 os’dmo
655 3964 686 4003 τι
710 3930 908 4022 danaidum
930 3942 997 4004 ete.
1021 3930 1092 4000 Sed
