2728 4558
647 455 650 460 ,
726 363 849 468 (20.)

285 500 480 634 optimum,
494 543 602 613 quern
619 519 705 590 meis
721 519 837 589 verbis
855 517 1040 638 salutabis,
1057 541 1140 586 suae
1156 540 1237 612 erga
1254 529 1299 590 te

248 723 249 726 Ἴ
284 625 508 707 liberalitatis
519 631 711 725 poeniteat.

334 747 513 841 Longinus
529 743 682 836 quando
690 744 897 838 proditurus
915 744 977 833 sit,
991 744 1121 813 nescio.
1134 743 1220 812 'lota
1232 768 1296 812 res

284 864 325 932 in
346 859 475 954 'l'oupii
497 880 606 926 manu
629 869 692 926 est.
718 853 752 925 ls
768 881 885 952 nuper
908 858 1018 927 edidit
1038 858 1292 948 Theocritum,

284 999 366 1045 mox
380 984 482 1043 notas
504 971 709 1063 adjecturus
733 971 939 1065 splendidae
960 971 1098 1064 Polyhii
1120 971 1293 1060 editioni,

208 1115 209 1120 ¹
285 1111 396 1180 quam
410 1085 472 1155 alii
487 1085 737 1173 instituerunt,
754 1108 828 1152 non
843 1065 1070 1153 absolverunt
1086 1083 1222 1155 oxonii.

332 1197 498 1295 npore'teroe
514 1198 606 1268 MSS.
627 1198 666 1266 in
690 1197 873 1290 Platonem
903 1197 1041 1279 Reishii
1066 1197 1293 1267 humanitate

276 1312 330 1382 'ad
351 1336 408 1382 me
430 1321 679 1405 pervenerunt.
704 1309 880 1379 Carbones
902 1333 969 1402 pro
987 1309 1170 1397 thesauro,
1187 1321 1228 1377 ut
1250 1310 1292 1378 in

282 1417 472 1519 proverbio
487 1414 656 1507 est.Nam
679 1423 852 1516 pleraque
874 1421 919 1490 ad
941 1423 1089 1492 verbum
1111 1422 1291 1520 descripta

221 1586 226 1606 ,-
283 1549 365 1606 sunt
381 1561 401 1606 e
416 1534 573 1628 Diogene
589 1535 740 1604 Laertio.

329 1647 464 1737 Velim,
486 1648 565 1717 mei
581 1647 702 1716 caussi
719 1633 813 1741 le'gas
829 1646 1075 1740 Xenophontis
1093 1648 1291 1736 Α’πομνιμο-

274 1761 440 1851 πόματα,
458 1752 589 1829 notatis
609 1759 757 1854 singulis
780 1760 886 1850 locis,
903 1759 967 1830 ubi
989 1761 1115 1830 vitium
1139 1763 1289 1832 subodo-

281 1875 380 1945 reris.
408 1873 618 1967 Equidem
608 1899 647 1942 ιιι
669 1899 710 1943 eo
739 1898 834 1963 sum,
862 1885 903 1943 ut
925 1885 1026 1942 notas
1054 1899 1166 1964 meas,
1197 1899 1289 2001 quas

278 1988 355 2080 jam
370 1999 451 2056 ante
468 1987 662 2094 triennium
677 1988 722 2057 ad
740 1988 930 2056 Ernestum
951 1987 1115 2056 miseram
1124 1988 1289 2096 ,majore

282 2100 368 2170 curd
383 2113 583 2171 retractem.

329 2213 373 2285 In
388 2215 523 2284 Latinis
539 2215 654 2284 literis
676 2225 852 2306 quantum
874 2209 1060 2308 proficias,
1085 2215 1141 2284 vel
1157 2215 1290 2284 vliterae

282 2339 363 2396 tuac
382 2329 590 2417 ostendunt,
610 2324 741 2420 quibus
765 2351 854 2419 nego
879 2327 1074 2421 quicquam
1094 2328 1289 2421 elegantius

282 2452 317 2510 et
329 2441 496 2511 Latinum
506 2441 617 2534 magis
630 2439 737 2508 scribi
748 2463 864 2533 posse.

275 2545 282 2587 ¹
330 2555 374 2622 ln
397 2554 561 2647 Catalogo
584 2553 823 2622 Bibliothecae
846 2553 1026 2648 Marpurgi
1048 2577 1080 2622 a.
1101 2550 1288 2623 attulit

283 2665 530 2734 distrahendae
552 2691 589 2758 p
610 2663 644 2733 5.
669 2666 729 2734 hio
750 2666 840 2734 liber
858 2667 1018 2736 affertur.
1043 2670 1203 2737 Boeoutii
1227 2670 1290 2736 Ge-

282 2781 465 2874 nealoqiae
480 2782 640 2846 Deorum.
659 2778 867 2848 Vincentius
880 2775 983 2848 1487.
1001 2781 1093 2848 Item
1109 2778 1290 2850 Ciceronis

284 2891 475 2964 Rhetorica
488 2885 591 2959 1476.
607 2889 721 2982 Quem
738 2871 889 2981 librum,
907 2892 1094 3012 nisigrave
1109 2907 1179 2984 cst,
1200 2894 1291 2964 mihi

285 3005 423 3073 Ducato
440 3025 547 3072 aureo
562 3004 746 3098 parabis

333 3115 422 3186 Sunt
434 3117 503 3185 aha
517 3118 647 3207 multa,
664 3113 796 3213 quihus
824 3131 942 3188 tecum
969 3120 1125 3212 colloqui
1149 3121 1289 3190 vellem.

284 3227 355 3300 ‘Sed
368 3230 532 3325 pluribus
549 3243 667 3300 tecum
684 3255 803 3326 agere,
822 3256 888 3326 per
902 3233 1067 3301 molestos
1086 3233 1292 3327 interpella-

285 3355 379 3413 tores
397 3343 584 3413 nonlicet.
609 3341 714 3434 Vale,
738 3345 793 3414 vir
815 3345 969 3438 egregie,
989 3343 1130 3438 tibique
1145 3370 1293 3440 persua-

285 3457 369 3526 deas
386 3443 578 3528 amicitiam
596 3455 774 3546 nostram,
798 3481 908 3550 quam
929 3457 1042 3528 virtus
1067 3470 1103 3527 et
1125 3459 1293 3528 doctrina

289 3569 507 3659 conciliavit,
520 3582 742 3666 perpetuam
765 3567 931 3638 futuram.
944 3639 945 3644 ,
956 3569 1091 3664 Scripsi
1110 3569 1291 3640 Lcidaea.
1323 3645 1329 3662 .

284 3681 323 3754 (l.
342 3677 390 3750 2ss
406 3679 490 3776 llaji
511 3671 613 3752 1770.

284 3832 288 3840 ·
334 3787 420 3864 Meis
436 3795 482 3863 ad
496 3795 716 3864 Bruckerum
731 3796 843 3884 literis
860 3809 937 3866 tuas
953 3796 1142 3890 adjunges,
1160 3797 1296 3866 officio-

290 3905 424 3978 sissime
436 3908 595 4003 scriptas.
609 3907 696 3979 Nam
708 3908 746 3978 in
758 3909 936 3980 Bruchero
948 3910 1049 3979 nohis
1062 3915 1143 3983 sun't
1156 3911 1294 3982 omnia.
