2728 4558
535 374 635 472 (3)

82 522 223 615 aliquot
245 519 390 614 vestigia
406 518 451 592 ad
471 519 652 595 Timaeum
673 520 828 591 indicavi
847 545 858 590 :-
879 517 939 593 sed
961 524 1083 596 multis

80 635 246 730 partibus
262 634 368 727 plura
383 633 429 702 ad
442 632 598 704 Platonis
619 633 838 704 Scholiasten
858 634 1035 708 indicabo.

132 747 329 841 Epistolam
340 757 438 815 tuam
450 745 617 815 Critieam
631 769 739 839 quam
751 747 852 817 avide
868 763 1083 842 exspectem,

83 861 142 930 vel
152 885 210 930 me
222 869 375 947 tacente,
392 858 571 952 intelligis.
586 858 725 928 Velim
715 860 823 953 rgitur
833 885 890 930 me
903 863 1087 932 certiorem

84 972 215 1061 facias,
235 997 293 1042 eu1
283 972 407 1068 'illam
421 971 468 1039 ad
482 995 539 1039 me
553 970 800 1065 perferendam
816 972 1086 1102 commendaris,

83 1097 127 1155 ut
138 1084 321 1174 locum,1n
330 1108 402 1178 quo
414 1083 557 1153 haereat
563 1084 747 1178 indagare
758 1110 901 1178 possrm
911 1088 1089 1179 Vale,Vir

85 1197 341 1286 eruditissime,
364 1208 400 1264 et
419 1221 441 1264 a
457 1219 514 1264 me
529 1196 647 1265 omnia
664 1221 745 1289 erga
761 1208 796 1265 te
814 1199 929 1266 officia
947 1212 983 1269 et
994 1224 1090 1294 pos-

11 1367 16 1392 >
85 1312 180 1400 tola,
198 1322 233 1379 et
244 1319 417 1404 exspecta.
431 1307 505 1378 Ser.
518 1308 630 1402 Lugd.
643 1309 719 1378 Bat.
733 1333 764 1378 a.
778 1310 813 1380 d.
829 1305 873 1380 17
885 1309 971 1403 llaji
983 1307 1088 1402 1769.

367 1646 661 1738 insustentlssmo
683 1647 819 1715 Juvunl,
840 1563 843 1570 1
924 1565 927 1570 Ι

166 1804 172 1808 -
288 1787 418 1860 osu
456 1787 893 1881 wrrrsuescn
955 1899 957 1904 ,
1081 1749 1085 1757 ’

525 1979 664 2025 S.1>.n.

352 2125 504 2198 DAVID
528 2125 836 2202 RUHNKENIUS.

32 2393 41 2414 ,
90 2298 225 2398 Eoneu
243 2325 315 2396 lere
333 2339 512 2420 tempore,
532 2351 605 2420 quo
624 2327 801 2422 proximas
819 2325 939 2402 literas
952 2339 1030 2400 tuas
1041 2353 1096 2400 ac·
1186 2391 1190 2398 ,

91 2441 192 2535 cepi,
209 2439 348 2511 reddita
363 2431 452 2508 mihi
468 2450 551 2509 sunt
565 2439 747 2534 Epistolae
759 2439 910 2510 Criticae
926 2444 1098 2536 exempla·
1211 2441 1214 2448 ’

90 2555 169 2644 ria,
184 2577 284 2647 quae
307 2551 458 2626 Graece
466 2543 579 2622 doctis
601 2551 827 2643 hominibus,
852 2578 942 2647 quos
966 2555 1126 2646 Leida‚

91 2666 207 2758 Ultraj
212 2678 329 2736 ectum
357 2679 392 2735 et
420 2665 644 2758 Franequera
669 2665 824 2755 hahent,
857 2678 919 2736 tuo
952 2668 1097 2738 nomine

90 2780 234 2852 donavi.
251 2780 379 2850 Lectus
399 2803 420 2847 a
439 2803 495 2847 me
517 2779 659 2848 libellus
676 2791 758 2848 tuus
774 2780 1096 2874 exspectationem,

90 2893 262 2988 quamde
279 2915 320 2962 co
336 2891 494 2986 Heynius
510 2903 631 2961 noster
646 2891 794 2981 fecerat,
819 2893 972 2962 multum
996 2918 1098 2988 supe·

90 3006 195 3076 ravit.
212 3005 323 3095 Nam,
339 3017 381 3074 ut
396 2989 478 3073 vere
494 3003 627 3094 dicam,
644 3003 702 3072 vix
716 3004 887 3099 putabam
902 3005 942 3074 in
953 3003 1097 3078 Germa·
1183 3004 1189 3021 '

88 3119 153 3190 nit
174 3143 270 3208 esse,
301 3117 367 3212 qui
393 3129 533 3186 tantum
561 3116 601 3186 in
623 3115 694 3218 hoc
717 3139 842 3209 genere
872 3132 1034 3212 saperet,
1060 3133 1098 3191 et

89 3243 228 3303 tantem
239 3229 396 3304 Graecae
410 3219 551 3324 linguae
568 3228 750 3299 scientiam
763 3241 844 3299 cum
854 3231 937 3320 veri
949 3231 1096 3304 Critiees

89 3333 234 3417 ratione
247 3343 490 3439 conjungeret.
507 3342 615 3413 Miror
629 3343 751 3412 lumen
766 3342 899 3436 ingenii
911 3343 982 3433 tui,
996 3345 1096 3437 quod

13 3451 14 3486 ³
89 3483 134 3530 ex
149 3469 203 3529 tot
218 3457 375 3552 egregiis
382 3455 596 3549 conjecturis
612 3454 749 3544 elucet,
769 3454 831 3523 sed
850 3455 963 3524 multo
984 3457 1096 3551 magis

88 3570 204 3642 miror
224 3581 379 3659 rectum,
396 3569 436 3638 in
451 3567 513 3638 illo
533 3567 739 3662 praesertim
756 3576 887 3656 aetate,
901 3565 1092 3658 judicium.
1149 3636 1152 3641 .
1191 3555 1195 3562 ’

12 3775 13 3778 ¹
87 3685 143 3755 Ex
157 3682 305 3780 hisnon
317 3679 502 3752 fallacibus
517 3681 624 3776 signis
640 3704 808 3774 auguror,
820 3690 871 3768 te,
886 3680 916 3748 si
931 3683 1095 3754 eumdem

12 3815 14 3870 ζ
89 3821 237 3872 cursum
247 3791 419 3884 tenueris,
438 3817 605 3888 magnum
616 3785 808 3886 aliquando
819 3791 1003 3864 literarum
1017 3819 1095 3866 nos·

92 3921 229 3984 trorum
244 3910 352 3984 decus
367 3921 403 3982 ct
422 3906 639 4006 praesidium
658 3904 830 3980 futurum.
853 3905 906 3978 Tu
929 3908 1023 3980 solus
1045 3908 1097 3980 ni.-
