2728 4558
722 351 845 452 (2⁸)

281 501 456 596 'loupiani
469 511 673 596 exspectant
692 525 699 570 :
719 503 822 594 cujus
839 524 1003 588 censura,
1016 501 1090 570 ⁴nisi
1109 500 1191 571 satis
1208 523 1305 571 rna-1

266 615 390 684 ¹leriae
406 615 467 704 sit,
485 616 525 684 in
540 615 606 684 hac
622 610 868 719 Bibliothecae·
876 627 979 712 parte
990 615 1109 683 locum
1126 613 1302 695 invenire

280 738 409 822 potest.
427 728 526 797 Vale.
617 809 620 814 ι

279 935 1283 968 W

376 1073 379 1079 ¹
466 1071 958 1157 WYTTENBA'CHIO
994 1083 1102 1158 S'UO

633 1337 635 1344 .
708 1295 791 1338 s.1¹.
820 1298 852 1338 Β.

561 1466 671 1538 nav.
691 1445 1035 1539 ‘annuemus-
1083 1565 1084 1571 Ν
1159 1461 1160 1465 ‘

282 1651 411 1752 Murra
433 1693 539 1779 sunt,
564 1683 608 1751 de
631 1683 763 1776 quibus
785 1697 903 1754 tecum
916 1671 1028 1778 ,agere
1051 1682 1189 1751 vellem.
1207 1678 1293 1750 ‘sed

251 1827 267 1866 .·
282 1815 349 1862 nec
386 1795 498 1864 multa
531 1794 685 1866 scribere
721 1808 849 1888 vacat3
886 1809 921 1866 et
959 1821 1037 1866 sum
1072 1791 1293 1889 pigerrimus

282 1907 322 1974 in
350 1905 545 1981 scribendo.
575 1910 658 2003 Ipse
685 1910 793 2004 igitur
818 1909 958 2000 venito,
982 1917 1022 1978 ut
1051 1931 1169 1977 coram
1192 1905 1294 1974 inter

283 2043 347 2089 nos
368 2022 624 2116 colloquamur.
648 2023 921 2094 Schaderianam
940 2045 1131 2092 censuram.
1143 2007 1291 2088 mallem

283 2134 390 2203 scribi
411 2137 469 2204 vel
491 2160 511 2204 a
532 2135 722 2226 Bosschio,
746 2139 805 2206 vel
827 2162 848 2206 a
874 2136 1063 2226 samonio,
1086 2133 1193 2203 ctiam
1216 2133 1292 2201 hac

282 2248 327 2316 ae
350 2248 495 2338 caussa,
519 2250 677 2342 nequid
704 2231 964 2320 indormierat
991 2250 1030 2319 in
1053 2258 1162 2342 caput
1182 2257 1290 2315 tuum

282 2358 466 2432 redundet.
480 2364 524 2431 In
536 2363 667 2432 Tibulli
678 2363 882 2433 recensione
893 2364 1007 2432 multa
1019 2361 1167 2450 correxi,
1180 2360 1291 2453 plura

281 2472 349 2544 tibi
366 2476 574 2570 expolienda
590 2476 734 2570 reliqui.
752 2477 939 2547 Santonius
959 2476 1064 2545 nimis
1082 2475 1291 2569 petulanter

282 2601 465 2682 acceperat
483 2590 671 2684 Hcyniunr.
689 2590 800 2682 Cujus
822 2591 895 2661 odii
918 2615 1055 2660 caussas
1078 2588 1145 2659 tibi
1169 2610 1290 2658 coram

282 2700 478 2795 explicabo.
500 2703 552 2771 Ex
574 2703 688 2772 tribus
710 2703 1015 2799 inscriptionibus¹
1028 2700 1291 2796 simplicissima

283 2826 336 2884 cst
352 2816 551 2885 delationes
562 2816 743 2886 breviores.
759 2815 860 2887 Hanc
871 2818 978 2887 etiam
988 2817 1073 2888 libri
1084 2817 1138 2886 tui
1149 2827 1291 2909 partem

282 2929 403 2998 videre
419 2929 537 3024 cupio.
556 2930 600 2999 In
615 2930 786 3026 Wagneri
802 2932 879 3003 Ode
901 2933 1040 3026 aliquot
1062 2954 1183 3000 versus
1205 2941 1293 2998 sunt

282 3042 408 3137 lyrici,
445 3043 506 3112 sed
536 3045 657 3138 plures
687 3045 851 3138 prosaici.
884 3045 1076 3140 Euripides
1099 3044 1292 3138 llusgravii

282 3156 428 3251 prodiit.
447 3156 641 3228 Academia
652 3157 860 3230 Oromenus
871 3185 929 3229 mc
945 3171 980 3230 ct
991 3157 1292 3230 Valckenaenum

284 3265 550 3384 exenrplaribus
554 3269 712 3342 donabit.
725 3273 863 3344 Vellem
875 3283 910 3342 te
921 3271 1024 3342 nobis
1036 3271 1290 3366 adjungerent,

284 3409 366 3453 curn
383 3384 465 3456 satis
483 3367 555 3455 illis
574 3399 727 3476 constet,
745 3387 891 3456 tertium
907 3399 942 3456 te
957 3409 1032 3456 esse
1043 3386 1082 3456 in
1094 3385 1291 3456 triumviris

282 3523 335 3567 rer
325 3498 526 3570 literariae
546 3500 822 3570 constituendae.
841 3499 940 3569 Vale.
960 3500 1033 3571 Ser
1052 3525 1084 3570 a.
1105 3495 1208 3569 1778.

330 3612 468 3682 Horatii
484 3612 588 3703 odae,
607 3612 651 3684 de
667 3613 798 3708 quibus
820 3613 962 3704 scribis,
987 3639 1032 3684 nc
1056 3613 1181 3710 Latine
1204 3613 1293 3708 qui-

283 3719 587 3821 dem'loquuntur.
606 3725 703 3799 Nihil
727 3729 794 3798 isto
815 3728 1008 3824 impostore
1032 3726 1292 3824 impudentius.
