2728 4558
512 382 637 480 (25)

91 510 93 522 Ι
122 529 362 603 Villoisonum
389 529 476 598 meis
502 528 619 599 verbis
647 529 776 617 saluta,
802 541 855 618 et,
885 513 914 604 si
936 552 1000 598 nos
1022 531 1077 598 tui

72 644 331 714 amantissimos
358 667 472 732 amaa,
501 631 739 713 valetudinem
767 653 864 712 tuam
893 625 1074 711 confirma

71 758 162 828 nab.
175 757 311 847 ,Leidae
326 781 357 826 a.
375 756 411 826 d.
431 753 476 826 18
491 755 588 851 Sept.
615 751 719 848 1775„

253 1157 747 1233 wrrrrnsacnro
782 1106 902 1233 suo.

381 1419 386 1430 ,
469 1367 648 1416 ψη.

268 1549 270 1552 ’
355 1544 398 1613 D.
431 1545 803 1628 RUHNKENIUS.
871 1614 873 1619 .

74 1735 240 1836 Raunro
264 1765 332 1835 tibi
356 1790 540 1837 censuram
567 1781 684 1858 tuam,
709 1768 749 1837 in
772 1766 844 1861 qui
865 1765 922 1834 vix
944 1765 1081 1858 reperi,

77 1879 181 1972 quod
195 1880 454 1969 -ealumniarer,
469 1881 615 1962 ,nedum
640 1881 740 1974 quod
772 1865 1081 1974 reprehenderem.

31 2031 33 2038 ⁴
77 1994 229 2067 Rectum
245 2005 454 2087 certumque
466 1993 645 2084 judicium
661 2004 765 2080 tuum
784 2017 792 2060 ε
813 1993 925 2062 oratio
943 1993 1084 2086 elegans

78 2132 123 2176 ae
145 2104 247 2199 plane
269 2106 406 2175 Latina.
432 2107 477 2176 In
495 2105 568 2200 qud
586 2119 622 2175 te
644 2118 783 2176 tantum
805 2105 1013 2200 profecisse,
1039 2128 1083 2171 eo
1130 2099 1133 2104 ’

80 2219 188 2312 magis
206 2220 358 2312 gaudeo,
373 2221 489 2314 quod,
506 2244 563 2288 me
574 2220 797 2313 potissimum
813 2230 975 2308 auctore,
988 2217 1083 2286 hanc
1101 2267 1104 2276 .

80 2335 177 2402 bene
182 2323 361 2403 scribendi
371 2328 514 2403 laudem
527 2334 666 2423 ceteris,
680 2357 773 2427 quae
784 2333 823 2401 in
834 2344 869 2402 te
881 2344 978 2421 sunt,
988 2331 1082 2424 inge·

81 2441 138 2516 nii
150 2469 189 2518 ω
205 2436 386 2516 doetrinae
403 2448 617 2517 ornamentis
635 2446 918 2541 conjungendam
933 2444 1080 2538 putasti.

131 2554 332 2633 Schardami
352 2562 488 2630 nullam
511 2561 727 2630 mentionem
746 2560 843 2649 fieri,
865 2558 992 2628 melius
1015 2568 1079 2626 est.

83 2674 206 2768 Moysis
222 2674 341 2744 locum
353 2675 392 2743 in
407 2675 660 2746 Dissertatione
674 2695 747 2744 non
761 2673 881 2767 attigi,
893 2684 1085 2767 propterea

45 2840 48 2847 .
82 2787 184 2881 quod
193 2788 238 2856 de
249 2787 313 2857 illo
330 2789 540 2862 sententiam
552 2788 707 2857 dixeram
718 2789 758 2857 in
768 2787 879 2876 notis,
898 2783 1083 2879 quassatis

81 2901 324 2994 imprudenter
341 2924 421 2970 oum
441 2901 577 2994 Toupio
595 2890 863 2970 eommrmieavi.

132 3013 315 3109 Mrsgravii
326 3015 475 3106 amicus,
484 3015 670 3110 Thyrwitt,
685 3014 869 3107 quiquam
880 3012 1084 3107 ingeniosus

82 3141 120 3198 et
147 3127 301 3222 eruditus
329 3129 392 3219 sit,
426 3127 640 3221 conjecturis
666 3127 706 3197 in
734 3127 961 3222 Euripidem,
989 3149 1098 3220 quae-

83 3240 331 3332 Musgravianis
358 3245 598 3333 accesserunt,
626 3241 799 3332 ostendit,
827 3251 945 3334 nuper
972 3238 1083 3308 edidit

85 3354 361 3426 dissertationem
376 3355 425 3425 de
436 3356 588 3425 Bebriae·
602 3354 749 3445 fabulis,
770 3375 851 3424 mox
866 3355 1013 3423 daturus
1030 3351 1084 3444 ip·
1205 3381 1206 3388 ¹

84 3491 165 3537 sum
180 3465 349 3543 labriam.
367 3469 493 3560 Vides,
509 3493 583 3538 non
599 3469 717 3540 deesse
734 3489 901 3541 censurae
917 3477 998 3536 tuae
1013 3487 1084 3532 ma·

82 3580 215 3657 teriam
225 3583 428 3677 Hottingeri
437 3583 577 3654 libellos
588 3583 727 3652 mittam
737 3578 1085 3678 propediemDurus
1130 3631 1133 3636 Δ
1204 3655 1206 3659 ,
1274 3631 1277 3642 ,
1358 3593 1359 3602 ’

81 3696 193 3765 homo
211 3709 244 3768 et
264 3722 380 3792 paene
402 3683 555 3768 rusticus
578 3697 617 3766 in
633 3687 846 3774 'adversariis
868 3691 1083 3765 refellendis.

83 3809 426 3998 ffli'gifpmne
457 3810 726 3936 Wyttenbachi.
758 3810 848 3882 nab,
881 3807 1008 3879 Leidae
1033 3831 1085 3876 m.
