2728 4558
505 375 626 478 (37)

52 522 167 616 ‘quod-
184 545 225 592 ca
248 545 303 591 res
325 523 472 593 miserae
489 527 675 618 cujusdam
695 537 729 594 et
750 525 928 620 opulentis
949 525 1066 594 homi-

59 636 169 739 nibus
197 619 336 730 semper
358 637 493 740 invisae
518 639 740 736 paupertatis
770 638 943 708 indicium
978 651 1068 707 esset

61 749 212 818 lactura.
236 748 271 819 A
297 751 509 845 Blessingic,
537 765 678 846 praeter
705 753 816 822 bonos
845 764 879 821 et
906 752 951 821 ad
975 751 1069 820 hanc

61 862 322 931 humanitatem
342 866 554 959 compositos
570 891 700 955 mores,
721 867 830 934 trium
847 857 1068 959 linguarum,

63 971 242 1065 Graecae,
264 975 410 1047 Latinae
434 991 469 1047 ct
498 977 656 1051 Gallicae
684 979 830 1049 scientia
856 979 1068 1074 postulatur.

62 1088 283 1178 Villoisonus
299 1090 388 1158 mihi
407 1091 547 1187 scripsit
565 1117 646 1161 eum
662 1093 769 1161 etiam
787 1092 911 1161 Italics
935 1103 969 1159 et
992 1090 1072 1158 An-

64 1201 156 1296 glice
173 1202 273 1271 scire.
292 1203 437 1273 Juvenis
456 1204 608 1274 sedecim
624 1229 798 1274 annorum
817 1203 1003 1273 excellenti
1020 1215 1072 1271 est

64 1314 229 1408 ingenio,
256 1325 291 1385 et
313 1317 378 1386 tali
399 1317 524 1412 flagrat
547 1318 704 1389 discendi
735 1299 870 1408 studio,
894 1330 935 1386 ut
964 1315 1071 1384 frenis

64 1429 186 1522 potius
202 1453 292 1523 ppus
309 1429 371 1519 sit,
390 1455 496 1524 quam
520 1431 733 1501 calcarihus:

5 1569 6 1572 ¹
114 1539 320 1646 Adventum
347 1554 450 1643 tuum
477 1543 606 1636 cupide
633 1556 807 1639 exspecto.
836 1543 946 1612 Multa
971 1554 1071 1631 sunt,

5 1681 7 1694 τ
66 1654 111 1754 de
124 1653 256 1747 quibus
268 1667 387 1725 tecum
400 1657 556 1750 colloqui
568 1657 685 1726 velim.
699 1641 945 1751 Tyrwhittiarii
961 1656 1075 1725 libelli
1194 1731 1197 1745 ,
1253 1759 1259 1768 ¹

5 1835 6 1840 ,
68 1791 218 1836 censura
239 1769 364 1860 parata
387 1781 449 1837 est.
466 1766 605 1840 ‘Omnes
629 1769 755 1838 meite
777 1753 941 1840 salutant.
967 1769 1073 1858 Vale,

68 1893 111 1949 et·
122 1904 186 1950 nos
203 1900 293 1950 ama.
310 1882 398 1951 Dab.
417 1869 564 1972 Leidae,
582 1882 616 1950 d.
643 1879 687 1951 13
707 1877 929 1952 Junii1783.
1015 1899 1018 1904 ⁴
1128 1897 1134 1903 '

177 2179 179 2184 ⁵
222 2179 751 2341 vvv‘rvsacalcuro
786 2233 895 2306 suo

505 2425 531 2468 S.
556 2426 585 2469 Ρ.
611 2428 643 2470 n.

263 2593 266 2599 ¹
355 2580 466 2696 mv.
493 2579 802 2668 scamarum.
880 2525 881 2528 Ὺ

73 2753 298 2852 Bmssmams
309 2782 378 2851 hoc
394 2782 578 2852 octiduum
589 2782 717 2852 Leidae
730 2782 859 2875 exegit,
872 2794 913 2850 ut
923 2769 1082 2876 linguam

5 2919 7 2926 ⁴
76 2895 216 2969 Gallice
239 2895 421 2989 loquendo
445 2907 631 2964 exerceret.
656 2897 797 2964 Interea
812 2893 996 2988 Leydanus
1013 2897 1084 2964 tale

74 3009 168 3080 mihi
186 3009 373 3078 consilium
390 3033 494 3078 suum
511 3008 698 3103 explicuit,
717 3033 753 3077 se
768 3008 1000 3102 Blessingium
1012 3033 1086 3085 non

75 3111 251 3216 tanquam
267 3121 335 3190 filii
350 3121 575 3216 magistrum,
593 3121 655 3191 sed
670 3134 841 3214 tanquam
857 3121 1030 3220 amicum,
1048 3123 1088 3191 in

75 3236 267 3332 praedium
283 3216 535 3324 invitaturum,
554 3245 595 3302 ut
611 3219 724 3303 trium⁴
735 3233 997 3304 hebdomadum
1011 3258 1088 3329 spa-

5 3389 6 3392 *
77 3352 130 3420 tio
148 3350 324 3443 exploret,
343 3349 730 3418 conveniantnemores
746 3360 782 3415 et
798 3347 1005 3441 disciplina,
1020 3365 1092 3418 nec·

5 3501 6 3508 κ
78 3488 137 3534 ne.
156 3462 193 3531 si
209 3461 306 3532 filius
321 3462 414 3539 nihil
430 3486 471 3531 ex
486 3485 528 3531 co
540 3461 675 3530 discere
685 3471 822 3553 posset,
835 3459 1029 3528 numeratis
1042 3457 1090 3530 50
1115 3545 1116 3549 Ἰ

78 3576 245 3666 Ducatis,
263 3575 503 3645 dimissurum.
527 3574 655 3662 Vides,
679 3572 718 3640 in
744 3573 867 3665 quales
884 3565 1006 3642 turbas
1023 3595 1088 3642 nos

80 3689 280 3784 conjecerit
313 3687 499 3758 hominum
531 3673 824 3774 ventosissimus,
857 3684 1087 3754 Villoisonus.

5 3881 7 3912 ,
79 3795 261 3898 Equidem
273 3827 354 3873 cum
366 3802 422 3872 vix
435 3800 593 3890 credam,
607 3799 840 3892 Blessingium
852 3798 890 3867 in
901 3798 968 3867 hac
986 3821 1090 3892 spec-

5 3919 7 3964 i
80 3918 219 3992 tatione
235 3920 342 3990 talem
358 3917 545 3988 inventum
557 3913 618 4008 iri,
632 3926 673 3986 ut
691 3909 896 3986 retinendus
907 3911 1091 4012 videatur,
