2728 4558
515 367 637 471 (τι)

1 583 3 603 5
73 512 123 584 ad
146 511 285 585 labrum
307 514 518 609 lignarium,
535 519 600 612 qui
622 517 688 588 tibi
704 539 818 588 arcam
835 525 948 611 paret.
965 537 987 586 ))
1007 512 1073 584 Cui
1162 603 1165 608 Ι

2 654 7 693 ι
74 627 282 717 Santonius,
299 640 339 697 ut
353 633 476 722 poeta,
494 629 558 699 hos
574 631 691 702 Ovidii
706 653 826 700 versus
842 627 997 699 occinuit
1015 653 1024 695 :

1 720 7 839 l
125 771 179 841 At
193 772 281 842 milti
294 780 470 873 eontinqat
485 781 520 848 V
516 782 629 846 eneas
646 779 866 874 lcnyneac‘era
881 743 974 844 motu
980 805 996 864 ,-

2 938 7 1001 y
179 891 264 956 Cum
279 893 422 972 mortar,
435 891 582 959 medium
594 892 711 990 solvar
724 900 759 959 et
768 895 861 959 inter
870 912 954 998 opus
964 883 1027 981 (l).

4 1016 6 1044 ³
128 1030 189 1103 Bis
209 1032 453 1129 Wasseuariae
474 1032 542 1122 lui,
564 1047 604 1102 ut
622 1033 689 1103 tibi
709 1034 853 1102 domum
873 1057 954 1101 eum
973 1031 1076 1101 horto

77 1135 300 1237 quaererem.
325 1145 393 1213 Sed
415 1145 508 1215 nihil
531 1147 668 1239 reperi,
693 1147 791 1239 quod
811 1144 922 1235 mihi,
945 1143 1078 1212 nedum

76 1257 167 1345 tibi,
185 1257 321 1325 homini
342 1269 413 1326 tam
433 1259 587 1347 difficili,
608 1259 747 1352 placere
763 1269 892 1351 posset.
911 1257 966 1324 Ita
983 1255 1078 1324 idem

77 1369 230 1462 angulus
249 1369 315 1438 tibi
331 1371 543 1462 repetendus
561 1372 644 1460 erit,
666 1372 723 1440 cui
742 1371 833 1439 male
851 1367 989 1463 precari
1005 1390 1078 1436 non

77 1481 222 1570 desim,
245 1483 343 1575 quod
359 1506 415 1550 me
435 1482 569 1552 summi
584 1484 788 1575 voluptate,
808 1506 916 1575 quam
930 1480 1019 1549 mihi
1039 1480 1079 1548 in

5 1639 10 1678 3.
78 1593 345 1666 consuetudinis
357 1607 438 1676 tuae
447 1596 616 1665 suavitate
629 1596 1079 1684 constitueram,t0t.annos

5 1687 9 1715 '
76 1707 246 1801 privavit,
272 1727 324 1760 --·
339 1707 515 1800 Spalettus
538 1709 584 1776 ad
609 1705 871 1776 Luchtmannos
895 1707 991 1775 misit
1011 1706 1080 1774 ali-

5 1806 11 1917 Ι
79 1830 174 1912 quot
189 1818 421 1888 Anacreontis
442 1821 496 1888 sui
512 1821 689 1916 exempla,
712 1844 865 1911 quorum
881 1819 993 1887 unum
1013 1818 1079 1888 tibi

4 1920 9 1976 l
78 1931 297 1999 destinatum
313 1943 375 1999 est.
395 1971 442 1983 --
458 1931 598 1999 Scholia
613 1930 705 1998 MSS.
725 1931 765 1998 in
780 1931 921 2023 Dionys.
943 1931 1077 2024 Perieg.

78 2042 228 2112 Leidam
248 2044 408 2132 venienS,
425 2056 543 2112 tecum
564 2042 663 2112 seres.
682 2042 749 2111 Mei
770 2066 888 2112 omnes
905 2054 940 2111 te
961 2054 1080 2111 amant

5 2138 11 2283 Ι
79 2155 170 2223 etin
184 2157 293 2224 oculis
305 2156 434 2226 lerunt.
446 2157 552 2246 Vale,
567 2156 700 2249 optime
711 2141 916 2226 amicorum.
930 2155 1076 2246 Leidae‚

4 2329 13 2570 ι
80 2263 276 2366 eoam
295 2265 399 2340 1792.

2 2593 11 2937 ᾗ
270 2632 758 2709 Wrrrunnacuro
792 2632 900 2704 suo

516 2825 544 2868 S.
568 2825 597 2868 P·
622 2826 659 2868 D·-

2 2939 9 3123 Ι
152 3057 155 3063 ,
364 2933 485 3050 nau
500 2939 817 3074 numianus„

84 3144 189 3248 Mun
203 3202 287 3248 vero
301 3181 510 3274 perplacent
526 3178 657 3250 formae
674 3180 788 3250 tertiis
803 3177 941 3252 Gracci.
963 3179 1087 3251 Modus

2 3229 10 3410 ι
84 3304 256 3385 typorum
266 3292 305 3360 in
315 3293 474 3366 versione
485 3292 610 3363 Latina
621 3316 693 3368 non
707 3292 877 3363 minutior
891 3304 961 3390 est,
978 3315 1089 3384 quam

87 3405 130 3473 in
146 3404 379 3474 Demosthene
394 3407 421 3474 Τ
422 3406 611 3499 ayloriano.
634 3404 702 3475 Sed
717 3405 785 3473 hoc
803 3403 949 3473 forsitan
966 3403 1090 3474 utilius

87 3516 198 3585 fuerit
219 3517 304 3587 libri
328 3518 538 3609 emtoribus,
564 3542 673 3611 quam
697 3516 785 3606 tibi,
810 3516 912 3608 cujus
937 3515 1090 3602 rationes

86 3653 111 3698 a
126 3629 350 3722 plagularum
366 3653 513 3730 numero
531 3653 719 3723 suspensae
737 3640 829 3699 sunt.
847 3627 953 3722 Magis
968 3652 1025 3710 me
1041 3627 1090 3698 ol·

88 3738 242 3826 [endunt
264 3741 370 3812 nimis
394 3742 523 3812 minuti
546 3743 622 3836 typi
646 3763 828 3836 versuum,
852 3741 917 3837 qui
937 3741 1104 3839 interpo-¹

127 3919 166 3992 (1)
184 3885 582 3992 ovid.nmor.t.11.ut.v1l1,
597 3915 718 3974 net-12,
756 3933 779 3960 ,ι
891 3933 894 3939 Δ
934 3931 938 3940 .
