2728 4558
670 321 881 491 (co

311 519 431 634 cepit.
454 535 595 610 Utinam
616 536 695 608 talis
715 536 873 629 juvenis,
900 537 1006 614 misso
1024 535 1144 606 studio
1166 535 1326 610 llreolo-
1349 559 1350 588 ¹

326 651 421 754 gico,
439 675 474 720 se
489 663 603 721 totum
620 651 730 720 literis
748 651 875 719 nostris
891 650 1033 718 dicaret.
1054 649 1159 737 Vale,
1173 650 1229 742 cir
1253 677 1326 744 op-

326 763 428 852 time,
450 772 502 851 et,
527 764 640 856 siper
663 775 905 856 tempestatem
924 761 1083 852 licuerit,
1107 785 1170 832 nos
1190 763 1322 833 invise.

305 871 398 945 'Sem
418 874 561 964 Lcidae,
580 899 611 943 a.
632 869 735 944 1786.

751 1477 777 1520 s.
803 1477 834 1519 ι’.
858 1479 914 1538 n„

508 1268 1138 1390 wirrnuaacurosuo
1210 1200 1274 1308 s

496 1613 498 1621 ‘
599 1600 1041 1722 manumittimus.

325 1850 462 1974 ,Quotus
478 1879 680 1950 rationibus
702 1893 939 1974 praestantem
957 1882 1140 1973 juvenem,
1161 1881 1319 1971 Hatram,

325 1993 370 2061 ad
385 1992 503 2062 literas
517 2004 652 2062 nostras
668 1993 851 2062 traducere
867 1995 933 2062 sim
950 2005 1113 2084 conatus,
1131 2017 1171 2062 ex
1186 1995 1268 2088 ipso
1280 2007 1321 2090 =te
1349 1997 1350 2060 l

260 2114 263 2121 '
324 2104 476 2174 arbitror
492 2091 701 2198 cognoviase.
721 2105 902 2198 Superest,
920 2118 961 2175 ut
975 2118 1123 2177 matrem
1138 2130 1323 2202 expugne-

324 2241 422 2307 mus,
440 2243 546 2310 quae,
564 2229 604 2286 ut
626 2217 737 2287 solent
754 2219 840 2286 tales
861 2219 1108 2312 mulierculae,
1134 2219 1226 2288 nihil
1247 2233 1321 2292 tam
1349 2271 1350 2296 2

325 2329 558 2423 expetendum
576 2341 694 2422 putat,
717 2353 823 2424 quam
844 2330 958 2402 filium
976 2331 1015 2402 in
1036 2331 1133 2400 sacra
1152 2331 1321 2401 cathedra
1349 2313 1350 2322 ἵ

325 2455 476 2514 stantem
491 2437 625 2513 ridere.
640 2443 702 2511 Est
718 2455 836 2512 tamen
852 2467 932 2536 spes
941 2443 1077 2536 aliqua,
1095 2465 1171 2512 eam
1188 2444 1320 2514 lacilio

324 2577 400 2623 rem
415 2553 585 2644 suturam,
604 2554 632 2622 si
645 2555 855 2624 conrectoris
871 2566 998 2624 munus
1009 2579 1074 2648 per
1089 2568 1124 2624 te
1140 2555 1184 2624 ad
1201 2556 1320 2625 filium
1349 2583 1350 2642 t

309 2657 310 2662 ἵ
326 2690 429 2735 suum
450 2665 637 2740 deferatur.
662 2664 788 2736 Totum
808 2665 1227 2762 hoc[intua“1manuest.
1252 2669 1319 2738 Sed

327 2775 441 2872 quid?
458 2777 488 2846 si
503 2777 704 2848 Eckholdus
723 2780 874 2869 diutius,
889 2803 996 2873 quam
1012 2780 1163 2848 rationes
1178 2793 1333 2850 nostrae·

327 2889 456 2982 ferant,
469 2890 577 2964 vitam
593 2889 732 2961 trahat?
746 2893 833 2961 'lum
844 2892 1051 2962 auctoritate
1064 2891 1125 2960 tua
1134 2891 1327 2985 perficiem,
1349 2873 1350 2943 l

324 3005 409 3074 dum
427 3017 498 3094 est,
518 3018 559 3075 ut
575 3006 605 3074 is
621 3006 708 3074 rude
724 3006 889 3096 donetur,
907 3017 942 3075 et
957 3007 1057 3075 Hana
1074 3007 1147 3075 sine
1162 3008 1264 3076 mora
1283 3010 1320 3076 in

215 3119 220 3123 “
324 3116 402 3208 ejus
417 3116 536 3186 locum
552 3117 755 3187 sufficiatur.
777 3117 810 3188 A
826 3142 883 3187 me
898 3103 998 3187 Hanc
1014 3119 1157 3207 habebit
1173 3119 1319 3214 Phryni-
1349 3205 1350 3212 ἵ

324 3229 431 3298 chum
447 3226 634 3320 Arabium,
647 3243 735 3300 utet
751 3255 791 3299 eo
804 3231 938 3299 edendo
953 3231 1225 3301 familiaritatem
1237 3259 1320 3302 cum
1349 3217 1350 3296 l

301 3433 306 3440 x
323 3343 553 3436 scriptoribus
569 3342 697 3413 Atticis
714 3343 913 3434 contrahat,
936 3354 972 3411 et
990 3344 1127 3432 nomini
1147 3369 1209 3414 suo
1225 3370 1317 3414 com·
1349 3377 1350 3432 3

321 3455 581 3553 mandationem
598 3467 755 3548 quaerat.
840 3489 844 3493 -

369 3568 482 3657 Uxor,
505 3593 623 3656 soror,
647 3567 741 3636 filiae
763 3579 798 3634 te
819 3567 1014 3661 plurimum
1037 3570 1209 3659 salutant,
1234 3593 1316 3664 spe-
1349 3585 1350 3644 l

321 3692 453 3768 rantes,
468 3679 556 3768 lore,
568 3691 608 3748 ut
624 3679 725 3748 serias
742 3678 925 3750 Paschales
942 3706 1023 3751 cum
1034 3675 1235 3776 Bucephalo
1252 3694 1314 3751 tuo

321 3792 418 3886 apud
432 3785 496 3860 nos
515 3780 695 3885 transigasss
712 3789 816 3880 Vale,
834 3793 885 3862 mi
900 3794 1033 3888 optimc
1048 3793 1312 3891 Wyttenbachi.

322 3903 394 3974 Sor.
412 3903 553 3996 Leidae,
571 3905 605 3974 d.
624 3901 762 3976 talen.
783 3899 886 3976 1787.
982 3949 985 3952 -
1220 3935 1221 3940 ’
1349 3913 1350 3942 ¹
