2728 4558
501 353 632 457 (⁵⁷)

250 711 743 786 wrrrsueuemo
773 711 880 808 suo

493 904 519 950 8.
544 904 574 948 P.
599 904 633 950 B.

339 1059 448 1133 mv.
475 1057 782 1152 sumeremus.

58 1231 205 1334 Uerum
220 1265 277 1334 vel
291 1264 416 1336 horem
430 1288 501 1336 une
517 1267 685 1354 essemus,
698 1274 757 1352 ut,
770 1261 835 1356 qui
846 1273 928 1332 tuus
942 1261 983 1331 in
993 1260 1063 1331 hac

59 1377 232 1448 serrilute
249 1399 369 1448 sensus
385 1377 448 1469 sit,
471 1399 725 1472 cognoscerem.
742 1374 802 1444 lle
812 1374 958 1468 quidem
972 1373 1065 1444 olleo
1164 1441 1167 1448 .

9 1537 10 1544 κ
58 1489 222 1582 poenitet
233 1489 523 1586 Holluudiae,ut,
536 1490 566 1561 si
577 1489 699 1560 Soram
708 1511 863 1579 vocarer,
873 1487 963 1556 sieut
974 1485 1060 1555 olim

58 1601 100 1670 in
116 1601 227 1670 simili
241 1625 360 1672 rerum
372 1583 597 1672 'conversiorie
613 1601 666 1671 Io.
684 1599 872 1689 Meursius‚
886 1597 1060 1668 conditio-

58 1737 145 1784 nem
162 1714 358 1808 acciperem
372 1712 434 1810 (l).
451 1714 523 1784 Nee
534 1713 744 1807 quiequam,
757 1713 825 1780 hoe
840 1711 929 1805 reip.
948 1721 1058 1797 statu,
1078 1736 1098 1764 w

57 1849 117 1894 me
144 1825 349 1916 delectavit,
372 1837 512 1920 praeter
532 1823 788 1896 Bibliotheoem
815 1823 998 1910 Culicem,
1020 1821 1060 1889 in

55 1936 132 2030 quel
144 1923 284 2031 ingenio
296 1950 359 2008 luo
369 1937 475 2031 digna
486 1949 568 2007 sunt
580 1936 716 2024 omnia,
729 1934 894 2027 inprimis
905 1932 1059 2003 animad-

56 2049 237 2120 versiones
260 2051 300 2118 in
324 2049 525 2140 lulianum,
553 2046 809 2142 elegantissime
838 2046 989 2142 scriptae
1014 2045 1061 2115 ed

8 2193 9 2196 ¹
57 2143 341 2252 emissionem,
354 2186 464 2256 quam
474 2174 515 2231 tu
526 2159 629 2234 leteri-
639 2159 729 2230 soles
740 2157 826 2227 meis
835 2157 873 2226 in
881 2156 1061 2226 Timaeum

56 2273 235 2344 notistibi
245 2299 319 2344 esse
330 2274 615 2346 demonstratam.
633 2271 808 2342 Murelum
820 2270 990 2366 putabam
1000 2267 1060 2338 tri·

56 2387 126 2456 bus
153 2387 234 2459 voll.
261 2410 364 2482 posse
391 2386 565 2457 concludi.
594 2384 662 2454 Sed
687 2394 829 2480 praeter
856 2382 1060 2478 opinionem

56 2497 214 2568 exerevit
240 2499 280 2568 in
301 2511 486 2596 questum,
509 2498 607 2592 quod
629 2519 726 2565 nuno
748 2496 889 2592 prelum
911 2504 1061 2564 exercet,

56 2607 217 2680 Platonis
227 2611 436 2682 scholiastes
446 2610 782 2702 meximampertem
792 2607 982 2702 impressus
994 2618 1060 2678 est.

56 2724 231 2793 Noterum
243 2703 1060 2817 tamen,quasineumseripsi‚exeudenilarum

8 2927 9 2930 Ἴ
55 2836 204 2906 initium
218 2858 292 2905 non
302 2848 386 2906 ante
400 2835 540 2924 seciam,
556 2855 666 2928 quem
680 2856 772 2900 nove
788 2831 918 2900 Timaei
932 2830 1056 2922 editio,

8 2971 9 2996 ¹
55 2947 183 3017 multis
203 2949 366 3042 pertibus
387 2946 615 3042 locupletior,
642 2943 826 3038 prodierit.
855 2944 1063 3013 Postulatur

58 3060 167 3130 et'iam
194 3084 216 3128 a
241 3061 343 3131 nobis
369 3083 461 3130 nova
486 3059 590 3152 elogii
614 3056 813 3126 Hemsterh.
841 3056 971 3147 editio,
1001 3055 1062 3125 cui

56 3171 242 3266 praeclare
263 3172 325 3242 illa
344 3173 388 3243 R.
412 3169 565 3263 Bentleji
587 3149 737 3264 epistola
753 3169 905 3239 accedet.
923 3169 1056 3258 Habes,
1152 3205 1158 3230 ·.

58 3305 154 3375 quae
165 3282 348 3353 Fonteinio
355 3285 582 3377 petri‚quem
594 3306 613 3351 e
625 3281 719 3374 gravi
732 3283 854 3351 morbo
861 3293 1058 3351 recreatum
1084 3333 1087 3338 .

57 3417 135 3464 esse
148 3393 297 3488 gaudeo,
309 3419 375 3489 per
387 3395 500 3487 otium
514 3403 646 3465 narres..¹
665 3393 781 3475 Ferias
797 3393 998 3482 Paschales,
1016 3401 1059 3460 ut
1141 3469 1144 3482 Λ

56 3505 191 3575 Leidee
202 3506 299 3600 apud
312 3530 376 3576 nos
394 3531 493 3602 eges,
513 3519 548 3576 te
565 3505 791 3602 vehementer
808 3527 903 3597 rogo.
921 3503 1059 3573 Poteris

56 3617 185 3688 eodem
206 3629 365 3712 tempore
382 3620 427 3689 de
444 3619 775 3714 Schweiglueusero
797 3617 891 3690 bene
908 3615 1054 3706 mereri,

8 3793 9 3806 ,
56 3730 80 3803 J
82 3754 132 3802 os.
149 3727 315 3826 Scaligeri
329 3731 428 3804 Nolis
443 3734 482 3802 in
497 3731 683 3828 Polybium
697 3729 953 3822 descrihendis,
967 3752 1056 3826 ques

93 3890 550 3967 (1,)conr.viranuhnl.psg‚196.
623 3953 627 3962 f
