2728 4558
728 323 918 524 (26)-

469 730 967 839 wirrsooocuro
1000 733 1110 832 suo

721 951 747 995 S.
772 953 802 996 Ρ.
827 955 861 997 Β.

497 1209 499 1212 ¹
534 1107 646 1178 osv
678 1053 1098 1196 ourrouuruuss⁸

201 1304 204 1311 Ι
289 1292 325 1392 P
326 1348 370 1392 oo
387 1325 610 1416 perlustratis
631 1325 710 1394 met
726 1326 848 1397 caussel
869 1325 979 1395 Codd.
1004 1323 1201 1418 Huideeop.
1225 1324 1301 1394 tibi

210 1433 212 1436 ’
290 1435 417 1530 gratias
440 1460 516 1530 ago.
534 1438 585 1507 Ex
610 1440 741 1530 quihus
758 1439 845 1508 duos
867 1450 1023 1528 tantum,
1048 1437 1235 1507 Horatium
1257 1450 1299 1507 et

67 1543 70 1551 ’
181 1645 185 1655 J
290 1546 571 1639 Quinctilianum
588 1576 654 1645 per
676 1551 939 1622 Luohtmannos
963 1575 1078 1623 emere
1101 1550 1295 1640 constitui,

288 1661 463 1754 reliquam
486 1663 683 1762 pecuniam
694 1677 894 1735 servaturus
917 1665 963 1735 ad
977 1665 1178 1735 auctionem
1198 1663 1297 1732 Bur-

144 1771 146 1776 ’
289 1774 529 1844 mannianam.

229 1967 235 1994 '
337 1886 530 1978 Censores,
556 1914 645 1983 quas
668 1891 814 1979 misisti,
839 1890 1107 1960 venustissimae
1132 1887 1228 1977 sunt,
1254 1903 1296 1959 et

290 1999 508 2093 reliquarum
524 2003 673 2096 ¹tuorum
701 2004 849 2093 similes3
875 1993 1073 2097 inquibus
1100 2003 1187 2071 nihil
1216 2001 1294 2072 lere

257 2109 258 2114 ’
288 2113 387 2215 quod
402 2115 716 2208 reprehenderem,
733 2115 802 2186 nisi
817 2128 953 2186 metum
969 2103 1159 2186 umbratioi
1171 2116 1293 2186 dooto-

163 2241 166 2250 ’
288 2227 338 2295 ris
354 2226 475 2317 Frisii,
494 2229 626 2328 inveni.

232 2327 247 2402 .'
282 2359 285 2364 ·
334 2337 601 2434 Propodiem'ad
612 2341 828 2422 Matthaeum
839 2342 959 2412 literas
967 2342 1070 2412 dabo.
1084 2341 1151 2412 Feo
1163 2341 1288 2435 igitur,

287 2467 369 2524 tuae
380 2455 426 2524 ed
436 2454 738 2548 meperlerantur‚
754 2455 815 2525 sed
822 2455 923 2524 tenui
935 2455 1077 2525 chartae
1085 2455 1286 2548 inscriptae.

334 2565 773 2661 Heusingerus'immaturtr
784 2581 899 2637 morte
914 2593 1013 2662 spem
1026 2568 1069 2638 de
1087 2594 1123 2638 se
1134 2581 1290 2652 nostram

287 2681 458 2750 destituit
487 2678 650 2768 Acerbus
669 2680 729 2748 hio
755 2681 908 2751 nuncius
934 2693 1003 2772 est,
1033 2683 1091 2752 vel
1112 2681 1290 2760 Ciceronis

291 2792 423 2865 eeusslr.
1173 2859 1175 2880 ἱ

337 2907 535 2981 Witsenius
551 2931 598 2976 an
614 2906 690 2998 jem
706 2907 812 2980 habet
835 2910 1034 2979 studiorum
1051 2933 1190 2984 suorum
1208 2932 1292 2978 mo-

283 3017 512 3091 'deratoreml

281 3145 284 3152 '
336 3132 512 3206 Gervinus
540 3147 661 3204 noster·
681 3134 770 3206 mihi
792 3147 846 3204 tot
868 3147 941 3204 tam
966 3136 1148 3229 praeclara
1172 3148 1290 3212 narret

290 3250 334 3318 de
352 3248 528 3341 Langnro,
552 3248 809 3342 elegantissimo
833 3273 874 3317 ex
895 3248 1081 3339 Ernestinl
1102 3248 1288 3340 disciplinis

277 3363 451 3451 homine,
469 3373 510 3430 ut
525 3361 618 3430 nihil
628 3361 756 3455 magis,
774 3386 882 3488 quam
899 3361 1002 3431 illum
1017 3362 1288 3432 nobis'ounver-

277 3477 359 3545 'sari
367 3476 550 3570 ,cupiam
567 3475 639 3544 Nec
655 3474 799 3562 dubito,
839 3474 987 3544 uinsive
1003 3475 1186 3560 auotoritas
1203 3484 1285 3563 tua,

290 3591 361 3660 sive
385 3590 496 3683 gratia
514 3588 612 3682 apud
632 3586 825 3657 Hooldium
833 3587 1019 3694 ,Langero
1038 3588 1220 3718 profutura
1240 3589 1288 3656 sit

289 3703 495 3799 plurimum.

231 3834 234 3842 '
337 3819 475 3887 Bonum
492 3815 641 3903 laetum,
659 3814 759 3908 qnod
775 3799 974 3909 Wagnerus
990 3761 1210 3892 Hollendiam
1227 3838 1287 3882 re-

290 3929 410 4026 liquit.
428 3929 507 4000 Non
525 3939 598 4002 erat
616 3927 711 3998 tale
702 3928 882 4023 ingenium
902 3927 1063 4001 moribus
1076 3926 1208 4006 Bauvis
1224 3951 1290 3998 ao-
