2728 4558
703 346 828 448 (a)

268 494 364 582 uult,
389 494 450 566 sed
472 495 623 566 nimina
639 508 819 588 *quantum
843 494 1014 588 postulat.
1036 493 1123 588 Ejus
1144 493 1280 570 literas

266 606 401 697 adjeci,
423 630 514 702 quas
534 631 556 680 a
577 619 667 678 teet
686 600 838 678 Bosehio
854 609 965 678 lectas
984 607 1075 678 mihi
1095 608 1272 679 remittes.

265 718 443 811 Equidem
473 731 597 792 auctor
623 719 689 790 sim
716 719 866 790 Bosehio
895 732 1038 809 nostro,
1068 732 1109 790 ut
1139 719 1276 812 qtruris

266 831 468 902 conditione
495 853 575 900 cum
601 829 774 924 Spulletto
797 831 976 924 transigat.
1005 830 1147 902 Nam
1121 855 1153 900 sc
1174 828 1275 904 forte

191 981 195 990 ·
265 943 343 1035 ejus
359 943 466 1014 editio
486 945 651 1037 prodeat,
672 945 841 1038 quoniam
860 945 933 1014 solu
949 943 1171 1024 Germanum
1188 955 1274 1014 teu-
1359 949 1360 1022 l

257 1067 343 1125 'tum
357 1055 514 1147 exbibet,
521 1057 578 1128 ‚ab
594 1057 757 1135 omnihus
773 1068 972 1150 expetatur,
988 1056 1183 1126 Boschiana
1198 1079 1272 1126 ne-
1359 1031 1360 1056 ¹

264 1167 377 1260 glecta
389 1168 534 1260 jacebit.

311 1280 460 1370 Vale,
427 1305 584 1354 urorum
596 1281 747 1375 optime,
757 1303 824 1350 nee
832 1281 945 1352 solum
956 1292 1069 1370 tuam,
1083 1278 1269 1352 sedetiam

265 1375 1263 1482 fihaemeaeraletudmemcuraLeidae,mlulii1794.
1359 1455 1360 1500 ᾗ

330 1761 336 1773 ’
447 1738 939 1813 WYTTENBAGHIO
973 1741 1080 1814 SUO

692 1932 830 1977 SUPE-

1359 1329 1360 1418 l

541 2087 651 2158 osu
678 2085 986 2158 consuimus.

179 2351 182 2358 .
266 2265 488 2387 Quantum,
502 2293 627 2362 uterin
638 2289 748 2361 Codd
761 2289 1000 2361 describendis
1011 2263 1116 2385 praei
1099 2290 1263 2366 ferendus

264 2406 332 2479 sit
316 2406 438 2495 ‚isne,
456 2405 520 2498 qui
543 2405 684 2498 ingenio
704 2416 740 2472 et
763 2403 924 2491 doctriuh
943 2403 1071 2493 fretus,
1091 2404 1264 2474 Criticum

263 2519 352 2612 agit,
376 2540 423 2588 an
448 2517 672 2588 mediocriter
693 2517 835 2606 doctus,
863 2515 923 2586 sed
947 2516 1070 2584 idem'
1060 2537 1099 2584 ιιι
1121 2515 1264 2585 Codicr*

263 2633 329 2702 bus
352 2631 543 2701 tractandis
563 2630 787 2718 exercitatus,
811 2629 893 2721 qui,
915 2629 1060 2721 singulis
1080 2628 1263 2699 literarum

263 2743 424 2839 apicibus
451 2742 551 2812 anxie
579 2741 770 2830 rimandis,
799 2740 891 2810 nihil
923 2752 1106 2834 tantopere
1139 2731 1262 2830 curat,

264 2879 373 2950 quam
395 2869 437 2926 nt
458 2855 703 2950 apographum
729 2877 832 2922 suum
850 2854 896 2922 sit
913 2853 1105 2946 archetypo
1124 2853 1265 2922 similli-

264 2993 373 3039 mum.
391 2969 567 3061 Equidem
586 2969 694 3037 talem
714 2966 926 3060 syllabarum
943 2989 1135 3060 aucupem,
1159 2966 1189 3034 si
1207 2989 1264 3034 res

263 3081 437 3176 postulet,
454 3081 544 3150 mihi
560 3081 740 3174 obtingere
759 3082 851 3150 volo.
869 3080 940 3148 Nec
960 3089 1149 3148 memoret
1169 3061 1263 3148 invi·
1359 3087 1360 3124 ff

264 3192 362 3264 diosa
384 3190 540 3285 Astorgii
563 3193 686 3261 oratio.
710 3195 792 3285 Ipse
816 3202 979 3284 expertus
999 3215 1076 3271 sum
1100 3190 1262 3284 Spalletti

262 3308 371 3379 fidem
388 3316 422 3374 et
438 3304 669 3374 industriam:
687 3327 753 3372 nec
770 3314 838 3392 est,
852 3303 951 3396 quod
966 3302 1004 3372 in
1018 3327 1060 3372 eo
1075 3291 1270 3396 reprehenss
1359 3349 1360 3368 t

263 3419 346 3510 das,
372 3418 443 3488 nisi
466 3419 614 3489 nimiam
636 3417 863 3510 religionem,
888 3416 917 3484 si
939 3416 978 3484 in
1005 3416 1069 3484 tali
1091 3439 1130 3484 re
1150 3415 1261 3484 nimia
1359 3453 1360 3488 ;

263 3546 470 3627 potestesse
486 3531 652 3660 religio.
726 3577 728 3582 ·
1359 3533 1360 3625 l

262 3642 400 3714 Filia
421 3666 499 3713 mea
521 3644 579 3714 vix
601 3643 730 3730 verba,
754 3641 901 3734 quibus
909 3590 1160 3734 hospitalitatis
1183 3651 1262 3708 tuae
1359 3635 1360 3696 l

266 3757 466 3828 comitatem
491 3754 634 3845 laudet,
657 3753 816 3825 invenire
839 3764 967 3850 potest.
993 3750 1052 3824 Ad
1074 3775 1150 3822 eam
1172 3751 1262 3822 nihil

264 3871 399 3961 scribo,
412 3857 583 3962 quonium
593 3868 682 3942 mrlu
693 3867 994 3968 deeruteprstolae
1005 3876 1261 3959 argumentum
1321 3927 1325 3934 .
1359 3907 1360 3940 r
