2728 4558
721 363 846 464 (tt)

465 717 955 819 wissensloulo
991 745 1100 820 soo

563 997 566 1004 Ι
713 940 739 982 s.
765 940 794 983 ι».
819 923 852 984 ¹1).

559 1094 670 1165 nav.
697 1095 1007 1202 nuunnnnlus.

279 1274 345 1375 Du
370 1308 461 1377 noval
484 1309 702 1403 professione
725 1311 792 1381 tibi
816 1314 990 1407 gratulor,
1008 1323 1044 1381 et
1065 1323 1106 1381 ut
1125 1311 1292 1400 luorum,

280 1421 379 1512 quod
395 1421 434 1490 in
457 1423 706 1492 commutanda
727 1425 913 1518 provincii
937 1435 1091 1496 sectatus
1112 1447 1168 1514 es,
1194 1425 1294 1493 votis

279 1533 351 1600 tuis
367 1534 597 1626 respondeat,
615 1536 842 1606 vehementer
858 1549 955 1632 opto.
973 1539 1019 1607 In
1034 1538 1184 1609 Rectore
1195 1535 1295 1606 Am-

280 1639 594 1718 stelodamensibus
610 1651 905 1720 ·commen‹lando
938 1653 1054 1721 nullas
1087 1674 1163 1720 esso
1190 1674 1294 1720 meas

279 1771 398 1853 partes
413 1760 506 1830 volo.
523 1761 655 1854 Negavi
675 1763 782 1832 etiam
803 1764 1152 1858 commendationem,
1169 1762 1296 1836 Wen-

280 1871 437 1963 sinokio,
455 1874 554 1967 quod
568 1875 658 1945 mihi
680 1876 775 1946 visus
798 1890 851 1947 est
873 1877 978 1948 nimis
1002 1879 1074 1946 alta
1095 1887 1228 1971 petere.
1252 1877 1294 1946 Is

247 2063 251 2072 ¹
279 1997 417 2076 tamen,
433 2010 491 2056 me
507 1987 635 2078 invito,
656 1991 817 2060 consules
835 2002 969 2060 vestros
991 1990 1188 2085 prensavit,
1205 2014 1294 2058 uxo-

279 2123 355 2169 rem
372 2101 537 2170 comitem
553 2101 703 2172 ridicule
719 2103 874 2172 trahens.
1211 2101 1213 2106 ’

327 2212 537 2285 Scholtenus
551 2227 635 2283 tuus
651 2215 696 2284 ad
710 2240 768 2284 me
782 2217 896 2314 venit,
916 2240 989 2285 non
1005 2228 1046 2287 ut
1061 2217 1106 2286 de
1123 2216 1297 2286 lectioni-

279 2326 365 2416 bus,
384 2351 472 2420 quas
492 2327 679 2397 habiturus
696 2352 825 2419 essem,
843 2353 982 2399 meeum
1001 2342 1138 2424 ageret,
1164 2319 1226 2399 sed
1249 2342 1295 2399 ut
1360 2317 1361 2398 ἶ

177 2437 182 2456 '
258 2440 369 2510 ''snihi
394 2440 609 2535 significaret
632 2450 714 2512 ooeo
737 2468 787 2512 un
810 2445 935 2537 dlluyo
957 2445 1017 2513 des
1032 2455 1138 2528 mota,
1156 2467 1192 2512 se
1209 2467 1297 2536 gra-
1360 2447 1361 2478 ³

279 2553 430 2624 vissimis
456 2553 600 2624 Pestelii
627 2554 671 2623 de
694 2556 778 2646 jure
792 2557 955 2649 ,publico
985 2556 1293 2650 disputationibus

279 2666 470 2761 impediri,
488 2691 561 2759 quo
577 2666 696 2735 minus
710 2691 806 2737 meas
821 2667 867 2738 de
883 2669 1075 2739 Latinitate
1097 2669 1290 2758 lectiones,

177 2810 179 2814 ¹
280 2780 429 2850 leviores
454 2778 605 2867 seilicet,
633 2778 886 2873 frequentaret.
912 2782 969 2852 Sic
992 2806 1131 2877 semper
1155 2783 1291 2872 solent,

282 2893 347 2986 qui
364 2917 405 2963 ex
420 2891 611 2986 disciplinsi
620 2893 736 2962 vestri
749 2893 822 2965 hue
831 2895 980 2965 veniunt
995 2920 1002 2964 :
1017 2895 1295 2966 Nieuwlandum

281 3005 445 3099 excipio:
467 2991 687 3100 quamquam
708 3007 806 3084 huno
829 3008 935 3077 etiam
960 3009 1032 3078 sive
1055 3007 1292 3098 Scholtenus,

282 3118 354 3187 sive
378 3117 439 3187 alii
462 3119 508 3190 ad
531 3119 746 3191 Pestelianas
770 3121 918 3213 dejure
944 3133 1091 3191 naturae
1120 3122 1295 3192 lectiones

281 3244 473 3302 traxerunt.

330 3343 508 3416 Luzaoius'
517 3357 653 3436 noster,
667 3371 776 3440 quem
790 3348 873 3438 sois,
888 3348 1017 3440 quanti
1029 3346 1170 3438 faciam,
1184 3348 1294 3417 etiam

282 3471 393 3553 atque
409 3460 516 3529 etiam
530 3484 552 3528 a
569 3471 604 3529 te
623 3460 733 3554 petit,
750 3472 791 3529 ut
812 3473 951 3556 partem
976 3460 1075 3531 illam
1096 3461 1291 3550 itinerarii,

282 3574 322 3643 in
337 3557 411 3667 quo
424 3573 647 3666 ejus'mentio
660 3572 719 3662 fit,
734 3597 853 3643 secum
865 3574 1127 3644 communicare
1140 3574 1239 3644 velis.
1255 3574 1305 3642 Si·

284 3686 423 3776 leoeris,
442 3686 540 3779 quod
555 3699 672 3780 rogat,
689 3686 778 3756 mihi
795 3711 941 3780 quoque
958 3687 1195 3782 gratissimum
1211 3688 1292 3758 erit.
1342 3755 1347 3766 ,

283 3801 391 3890 Vale,
409 3800 465 3869 vir
481 3800 626 3893 optime.
640 3798 767 3890 Filiae,
780 3808 868 3869 ux'or
877 3812 915 3870 et
928 3825 1025 3870 soror
1041 3813 1137 3871 recte
1153 3801 1292 3890 valent,

200 4005 203 4012 ι
285 3924 321 3982 et
332 3925 367 3982 te
379 3913 511 3984 salvere
520 3913 662 4004 jubent.
675 3912 764 3984 Dab.
777 3895 905 3985 Leidae
917 3914 952 3984 d.
967 3911 1014 3988 20
1025 3914 1170 3987 Octobr.
1186 3909 1293 4010 1784.
