2728 4558
680 259 801 430 (⁸2)

123 509 125 514 ·
246 493 373 540 navare
395 467 499 536 soleo.
525 465 630 536 Notas
651 467 692 535 in
713 469 831 559 Eclog.
857 465 987 561 Histog.
1010 465 1257 560 cupidissime·

245 593 417 674 exspecto.
436 581 502 649 Eas
520 603 600 648 cum
615 580 766 668 miseris,
780 578 901 668 addas,
914 577 1034 667 velim,
1049 579 1241 674 Theologu-

243 717 345 764 mena
362 691 612 779 Arithmetice‚
631 703 664 760 et
676 691 746 788 duo
762 691 901 760 librose
916 690 1136 760 Bibliotheoai
1148 715 1239 760 sum-
1351 719 1352 728 ¹

242 820 316 895 tos,
340 804 567 883 Plutarchum
593 802 801 893 camerarii,
827 814 862 871 ct
884 802 1019 896 Syriani
1041 803 1238 872 versionem

243 916 421 1005 Latinam,
435 914 499 1007 qui
510 938 575 1008 per
585 914 677 1008 leges
689 938 762 984 non
772 925 920 1009 possunt
930 914 1064 985 diutius
1076 939 1097 984 a
1108 915 1236 985 Biblio-

241 1027 344 1098 thecd
360 1027 490 1097 abesse.

288 1141 394 1228 Vale,
410 1141 604 1210 amicorum
620 1119 806 1230 carissime.
826 1140 918 1212 Uxor
934 1139 1080 1210 et'filiae
1095 1150 1130 1208 te
1145 1163 1238 1232 nep-

113 1235 115 1239 *
153 1311 155 1320 ,
240 1253 377 1347 timque
398 1263 497 1322 tuam
517 1252 680 1338 salutant.
697 1252 848 1340 ¹leidae,
865 1253 900 1321 d.
927 1251 971 1320 15
989 1251 1106 1321 Martii
1130 1246 1235 1320 1795.
1259 1339 1267 1351 ι

497 1587 977 1728 Wrrrmencnr'osuo

382 1807 1041 1928 'DAV.RUHNKENlos
1193 1915 1196 1924 Ι

657 2009 809 2056 SALUTEM.
925 2057 926 2060 Ἰ

68 2213 69 2220 '
172 2240 176 2249 ·
236 2189 296 2300 O!
314 2229 452 2312 gratum
475 2217 647 2286 nuncium
666 2217 712 2286 de
732 2217 885 2288 adventu
905 2228 980 2287 tuo.
997 2217 1183 2311 Egressum
1199 2231 1236 2288 te

162 2403 165 2415 y
228 2330 398 2404 navicula
426 2329 509 2398 laeti
541 2330 745 2423 alacresque
776 2355 882 2399 curru
909 2329 1134 2422 excipiemus.
1166 2331 1236 2400 Sed

209 2465 211 2470 ’
236 2467 366 2536 quaeso
382 2443 608 2534 obtestorque
620 2453 673 2531 te,
686 2454 726 2511 ut
740 2442 810 2510 duo
824 2442 962 2524 libellos
981 2467 1000 2509 e
1016 2442 1236 2513 Bibliotheca

234 2567 366 2626 sumtos
383 2566 499 2624 tecum
517 2565 685 2648 reportes.
704 2553 808 2624 Moris
825 2566 891 2642 est,
910 2554 1036 2647 quovis
1048 2555 1237 2647 quadrien-

233 2668 294 2736 nio
306 2667 441 2761 elapso,
453 2666 644 2734 solemnem
655 2665 893 2734 Bibliothecae
906 2666 1146 2735 recensionem
1157 2667 1248 2754 fieri¹

235 2804 353 2850 coram
378 2777 606 2849 (iuratoribus
634 2788 670 2846 et
695 2776 964 2848 professoribus.
997 2777 1086 2848 Tum
1115 2779 1236 2850 nullus

162 2909 164 2914 ’
234 2892 343 2982 liber,
361 2892 461 2960 nulla
483 2890 579 2959 scida
595 2890 712 2959 deisse
728 2889 843 2959 dehet.
868 2889 1053 2984 Flagitium
1069 2889 1159 2958 loret
1173 2891 1236 2959 di-

237 3027 333 3092 cere,
350 3003 440 3070 liber
455 3026 529 3071 non
543 3001 603 3090 hic
620 3013 689 3090 est,'
708 2992 768 3071 sed
783 2983 1047 3072 llmstelodami.
1060 3003 1139 3072 Jam
1155 3027 1242 3084 cum,

235 3114 430 3202 recensioni
446 3138 466 3182 a
483 3113 704 3198 curatoribus
721 3113 836 3182 dictus
853 3114 900 3183 sit
911 3114 1097 3208 vigesimus
1109 3115 1234 3184 tertius

105 3241 106 3246 ’
233 3227 343 3320 hujus
354 3225 501 3314 mensis,
514 3248 555 3294 eo
566 3224 807 3294 vehementius
819 3237 855 3294 te
866 3249 965 3319 rogo,
979 3238 1019 3295 ut
1034 3251 1091 3296 me
1106 3228 1234 3297 liberes

165 3407 167 3410 .
234 3342 302 3410 hac
320 3338 566 3410 sollicitudine.
584 3339 627 3406 In
646 3337 909 3432 elegantissimis
929 3339 999 3407 tuis
1016 3338 1234 3409 Annotatio-

167 3446 169 3454 ¹
235 3455 339 3524 nibus
353 3450 405 3547 (l)
427 3451 483 3521 vix
506 3450 703 3543 quidquam
726 3453 848 3520 n'otarc
869 3451 989 3544 potui,
1007 3453 1175 3544 quoniam
1193 3465 1234 3521 tu

105 3569 107 3574 ’
234 3567 310 3659 ipse
321 3588 377 3633 me
393 3573 551 3656 tempore
566 3563 732 3632 excludis.
747 3563 835 3632 Vale
852 3563 1054 3633 suavissime
1069 3565 1231 3660 Wytten·

235 3665 545 3747 caesareano.
565 3671 610 3744 10
626 3663 710 3767 uajt
729 3670 837 3744 1795.
894 3709 896 3714 ,

194 3865 197 3876 ¹
273 3851 310 3921 (1)
327 3853 452 3937 Loquitur
464 3851 494 3904 ll.
507 3848 539 3906 de
551 3820 767 3911 denotationib'us
779 3856 811 3904 od
821 3853 873 3907 Set.
886 3852 998 3922 Panae.
1012 3809 1196 3907 neeffleta.
