2728 4558
736 351 753 452 (
776 345 824 424 48
847 351 898 456 l

298 503 488 605 imponunt
504 497 566 601 (l).
584 499 696 592 Vale,
711 502 761 571 mi
778 498 957 572 carissime
974 493 1252 631 Wyttenbeehi,
1271 510 1314 572 et

297 643 373 712 me,
391 632 432 690 ut
448 619 551 708 lacis,
571 640 660 686 ama.

345 730 630 805 Dahisidaed.
650 721 950 822 lsAprilis1785.

297 917 1312 954 m

482 973 974 1123 ἮΥΤΤΕΝΒΑΟΗΙΟι
1006 1041 1141 1146 βΠΟ’

731 1200 757 1244 S.
782 1199 812 1242 Ρ.
837 1201 870 1244 D.

391 1295 394 1302 ’
468 1337 474 1348 “
576 1325 687 1398 oav.
712 1325 1038 1440 aumumms„
1077 1315 1125 1370 ,-

297 1483 363 1583 Dr
383 1511 503 1601 horto,
528 1533 637 1604 quem
659 1508 726 1578 tibi
749 1509 900 1578 conduci
917 1509 985 1599 vis,
1002 1507 1213 1603 propediem
1234 1533 1313 1580 cer-

296 1627 389 1698 tiore
411 1625 455 1694 ad
477 1636 513 1693 te
535 1622 697 1693 scribam.
717 1621 819 1691 Nune
837 1622 979 1704 remitto
1002 1622 1184 1716 specimen
1205 1635 1313 1718 typo·
1357 1605 1358 1610 ἵ

297 1738 505 1835 graphicum
528 1735 812 1832 elegantissimae
821 1735 990 1805 orationis
1011 1747 1105 1804 tuae.
1129 1736 1182 1804 Ex
1202 1735 1314 1807 libris

298 1850 533 1926 Gronovienis
556 1862 635 1922 'tam
663 1873 796 1944 paucos
823 1835 845 1918 a
876 1861 911 1945 te
939 1848 1149 1938 desiderari,
1179 1850 1311 1922 miror.
1357 1865 1358 1944 ζ

297 1966 475 2062 Heynium
500 1963 700 2060 periculose
727 1973 929 2056 aegrotare,
959 1958 1137 2034 Gervinus
1160 1963 1312 2058 scripsit
1357 1957 1358 2034 ᾖ

298 2079 476 2150 Santenio.
497 2077 654 2172 'loupius
677 2088 759 2146 ante
784 2075 857 2145 duo
880 2075 1021 2145 circiter
1042 2099 1181 2146 menses
1207 2076 1313 2148 diem

269 2198 272 2206 ’
298 2219 400 2265 suum
413 2193 512 2262 obiit.
525 2192 552 2260 T
553 2190 740 2288 yrwhittus
749 2189 1020 2258 Emendationes
1029 2189 1069 2258 in
1077 2187 1312 2260 Athenaeum

297 2319 411 2403 parat.
420 2307 524 2394 Uxor,
537 2303 632 2378 filiae
644 2315 679 2373 et
692 2328 789 2372 soror
801 2315 835 2372 te
848 2304 1013 2372 salutant.
1027 2303 1190 2394 Valessmi
1201 2303 1310 2399 Wyt-

244 2417 248 2428 ’
297 2419 476 2491 tenbaehi.
494 2417 582 2488 nab.
602 2417 731 2487 Leidae
747 2417 782 2486 d.
799 2414 842 2484 15
854 2415 939 2508 Maji
956 2411 1059 2485 1785.

338 2712 342 2722 ’
379 2751 381 2756 ·
480 2702 971 2844 wrrruueaeuro
1010 2675 1118 2802 suo

729 2861 910 2933 sno.¹

566 3008 683 3092 ¹DAV.
710 3004 1018 3080 RUHNKENIUS.

293 3167 354 3272 Ex
370 3195 481 3266 literis
505 3193 575 3263 tuis
596 3192 811 3262 suavissimis
829 3188 987 3260 intellexi
995 3202 1079 3279 ,te,
1097 3187 1357 3261 solitudinis
1356 3233 1357 3274 r

293 3325 513 3411 pertaesum,
537 3306 630 3376 vitae
651 3297 794 3398 torique
818 3303 949 3410 sociam
973 3326 1156 3396 quaerere
1181 3303 1357 3397 Magni
1356 3283 1357 3358 l

294 3454 349 3499 res
380 3421 540 3510 consilii,
569 3431 604 3491 et
632 3419 720 3508 tibi,
754 3418 852 3552 quod
882 3417 1026 3512 ineptus
1058 3440 1132 3486 esse
1160 3416 1302 3508 nescis,
1356 3399 1357 3455 i

328 3589 365 3660 (r)
383 3589 453 3638 Duas
467 3580 630 3634 conditiones
646 3543 863 3649 Wytteubachius
882 3585 1010 3649 posuerat.
1027 3578 1101 3631 Prior
1117 3585 1188 3642 erat,
1201 3585 1230 3629 ut
1247 3576 1303 3630 sibi

293 3671 453 3748 stipendium
464 3669 572 3720 daretur
581 3669 648 3722 4ooo
657 3666 831 3732 florenorum,
840 3671 922 3736 qrrum
931 3664 1029 3717 Tollius
1036 3663 1304 3718 Amstelodameusem

294 3759 455 3835 provinciam
470 3754 538 3806 5000
556 3753 661 3804 florenis
676 3752 837 3804 aestimasset.
855 3751 999 3816 Posterior,
1017 3760 1049 3803 ut
1063 3752 1187 3803 immunis
1203 3760 1268 3804 esset
1284 3770 1303 3804 a

257 3874 263 3886 ι
294 3842 446 3910 msrneribus
457 3839 587 3902 flecteris,
599 3837 751 3904 Secretarii,
763 3838 779 3890 J
782 3837 865 3890 udicis
875 3845 902 3889 et
913 3837 1061 3904 Assessoris,
1071 3837 1132 3889 licet
1144 3855 1204 3888 eum
1214 3836 1304 3890 liono-

294 3931 373 3985 risrcis
385 3938 441 3981 tum
455 3923 590 3992 luctificis,
603 3925 624 3978 si
636 3923 743 3994 quidem
757 3923 790 3976 ab
802 3925 856 3978 istis
867 3931 953 3976 meula
964 3932 991 3975 et
1003 3924 1090 3976 animo
1100 3920 1262 3977 ahhorreret.
