2728 4558
727 360 859 458 (5⁸)

303 502 365 574 ille
387 502 516 574 crebris
539 504 650 576 literis
672 529 770 578 a-me
792 507 958 602 postulat.
983 503 1056 600 Ego
1072 515 1189 576 autem
1204 503 1302 575 nihil

303 614 494 714 pejusodi,
508 641 615 712 quam
626 619 846 690 describendi
856 619 1023 688 laborem.
1039 618 1212 712 Stolpiani
1224 617 1301 688 Cu·

303 739 434 798 ratores
449 731 584 798 nullam
599 730 877 816 dissertationem
894 731 1053 825 praemio
1074 731 1214 824 dignam
1232 729 1299 820 ju·
1346 759 1347 778 ³

261 905 263 909 .
303 837 476 910 dicarunt.
502 842 610 931 Vale,
634 843 684 911 mi
707 844 909 918 suavissime
935 835 1198 937 Wyttenhaohi.
1228 842 1299 910 Mei

304 973 423 1020 omnes
449 964 484 1021 te
511 954 684 1045 salutant,
708 968 744 1024 et
766 955 848 1025 satis
872 966 967 1025 recte
989 957 1127 1044 valent,
1152 952 1300 1046 excepta

303 1061 511 1154 hierimot,
536 1089 627 1160 quae
654 1065 770 1137 adhuc
797 1067 920 1136 eodem
945 1089 1133 1158 neryorum
1157 1088 1299 1159 spasmo
1347 1057 1348 1138 i

303 1173 449 1260 laborat.
469 1177 597 1248 Leidae
612 1179 646 1248 d.
663 1175 688 1248 8
705 1179 783 1248 Jan.
803 1174 905 1248 1788.

483 1504 968 1642 omissos-omo
1006 1523 1113 1598 suo
1244 1487 1251 1502 ’

715 1717 756 1762 ,8,
779 1717 808 1761 Ρ.
832 1719 865 1761 Β.

577 1871 686 1943 osv.
712 1871 1019 1975 sopiamus,

304 2050 565 2175 Qoss1domus
587 2102 664 2147 mea
687 2079 726 2146 in
749 2077 991 2146 nosocomium
1007 2077 1172 2145 'conversa
1187 2068 1296 2165 esset',

304 2193 352 2260 ita
368 2193 407 2260 in
423 2190 463 2260 ea
476 2202 656 2284 aegrotant
671 2200 706 2258 et
728 2179 803 2258 filia
822 2202 909 2259 natu
928 2189 1062 2277 minor,
1083 2200 1118 2257 et
1137 2187 1226 2256 duae
1244 2179 1299 2258 fa-

302 2305 429 2371 mulae.
447 2303 560 2396 Igitur
571 2327 591 2371 a
603 2314 638 2371 te
649 2313 770 2396 petere
783 2326 905 2395 cogor,
922 2313 963 2371 ut
975 2300 1164 2371 adventum
1176 2312 1297 2387 tuum,

304 2439 412 2508 quem
426 2416 546 2484 multis
568 2415 614 2484 de
636 2415 748 2483 causis
770 2426 954 2506 tantopere
977 2413 1236 2507 exspectabam,
1261 2413 1301 2481 in
1350 2419 1351 2428 ’

294 2537 443 2620 ,tempus
472 2527 574 2596 nobis
598 2526 813 2596 commodius
835 2526 979 2599 differre
1001 2525 1097 2595 velis.
1122 2524 1225 2613 Vale,
1243 2525 1301 2595 vir

245 2659 246 2662 ’
304 2633 447 2730 optime.
468 2637 595 2707 Leidae
606 2638 640 2706 d.
660 2633 705 2705 19
720 2637 820 2706 Mart.
839 2632 942 2707 1788.

675 2990 971 3037 summum>

482 3130 974 3202 WYTTENBAGHIO
1009 3130 1116 3202 SUO
1146 3177 1152 3184 ·

734 3300 760 3345 s.
785 3301 813 3343 a.
838 3290 885 3346 os

496 3547 497 3552 Ν
579 3445 688 3516 osv.
715 3444 1020 3524 annotemus.

238 3633 240 3638 ’
305 3617 427 3716 Μιττο
440 3644 506 3715 tibi
515 3648 712 3740 plagulam,
726 3610 764 3714 in
776 3645 848 3738 quia
858 3647 902 3716 de
915 3643 1072 3716 animastis
1084 3646 1300 3741 disputatur.

306 3756 461 3827 Platonis
479 3759 599 3847 verba,
621 3782 713 3852 quae
728 3783 808 3853 pag.
827 3755 874 3828 20
883 3758 1039 3847 laudavi,
1053 3760 1139 3829 haee
1156 3781 1303 3856 praeoe—

308 3867 417 3940 dunt:
432 3867 466 3938 τὲ
482 3867 516 3938 ti
531 3869 650 3942 sociate
667 3867 749 3961 sita,
764 3871 966 3959 ἕπ-πὶνζῶον
984 3869 1046 3941 ’ὅσον
1064 3869 1147 3959 αὐτῷ
1158 3871 1305 3965 προσήκει
