2728 4558
409 340 412 344 ·
537 345 726 486 (83)-

240 805 242 814 y
285 655 773 787 W’rrruonncuro
807 711 914 785 suo
980 675 982 682 ’

532 899 558 944 S.
582 899 611 942 1⁸.
637 901 669 944 n.

311 1096 314 1100 -
380 1005 828 1128 DAv.nUHNKENIUS..
943 1030 948 1044 ’

1 1265 2 1354 ἦ
101 1227 184 1325 Pro
212 1254 349 1350 Eclogis
376 1255 559 1324 Historicis
586 1255 750 1324 maximas
781 1255 847 1324 tibi
871 1256 998 1349 gratias
1013 1233 1102 1350 ago.

1 1445 2 1458 χ
103 1367 278 1438 Praefatio
292 1367 448 1437 suaviter
459 1382 494 1436 et
507 1379 656 1436 venuste*
667 1367 797 1460 scripta
813 1391 886 1437 non
901 1368 1015 1437 solum
1025 1393 1099 1458 me,

1 1497 2 1504 ’
106 1481 168 1550 sed
195 1479 302 1548 etiam
329 1478 530 1569 Voordam,
557 1479 874 1571 Valckenaerium,
902 1480 988 1552 alios
1014 1481 1102 1549 mire

1 1589 2 1598 ’
105 1592 305 1662 delectavit.
324 1592 367 1660 ln
389 1591 533 1662 Hesiodi
555 1591 703 1662 Scholiis
724 1594 903 1685 sequenda
920 1606 972 1662 est
995 1593 1102 1663 editio
1196 1591 1198 1597 ’

52 1783 54 1786 ,
105 1703 400 1793 Τι’ἱηωνθΠὶἀηα,
419 1728 544 1796 quarm
563 1705 591 1771 si
609 1705 686 1797 ipse
702 1703 742 1772 cd
757 1697 891 1809 careas,
907 1704 969 1774 vel*
979 1731 1000 1774 a
1015 1706 1102 1795 Bos-

104 1817 203 1906 chio,
225 1818 281 1885 vel
305 1841 325 1885 a
347 1840 422 1904 me,
447 1839 572 1885 sumes.
602 1817 797 1894 Heinsiaua
815 1817 968 1912 turpiter
990 1819 1102 1888 inter-

102 1929 223 2021 polata
246 1940 308 1996 est.
333 1909 456 1996 hloaei
478 1951 597 1996 versus
620 1929 685 2023 qui
707 1929 906 2017 laudarint,
931 1929 1101 2012 indicavit
1187 1967 1196 2014 '.

104 2041 141 2111 F.
167 2041 316 2112 Ursinus
335 2040 382 2109 ad
396 2040 494 2134 Frag.
514 2038 595 2134 lyr.
615 2065 653 2134 p.
679 2038 760 2111 310.
780 2042 848 2110 Pro
865 2039 899 2110 τὸ
913 2038 973 2137 peip
996 2041 1102 2137 ἄστρον

102 2151 282 2223 Pontauus
294 2152 340 2221 ad
350 2152 502 2222 Macrob.
516 2152 586 2221 Sat.
599 2153 681 2222 VII.
702 2150 747 2222 16
758 2153 859 2247 legit,
873 2150 908 2222 τὸ
921 2150 981 2250 γαὲρ
994 2153 1100 2248 ἄκρον,

103 2265 229 2335 vitiosa
240 2263 351 2337 Gellii
362 2265 516 2334 'editione
530 2265 711 2360 deceptus.
728 2305 777 2318 -
791 2266 904 2360 Apud
912 2257 1102 2336 stobaeum

1 2355 3 2372 i
103 2401 149 2471 pt
170 2374 239 2467 40,
264 2376 371 2445 verba
394 2378 525 2472 oieoopc‘iv
550 2374 778 2472 γραμματεᾶς,
803 2389 885 2447 sunt
905 2378 1099 2448 Plutarchi.

103 2490 197 2578 Vox,
222 2499 368 2584 propter
391 2481 505 2581 quani*
522 2489 621 2558 Plato
645 2490 827 2578 laudatur,
852 2491 938 2559 latet
957 2491 997 2560 in
1020 2515 1101 2561 cor-

103 2615 210 2695 rupto
226 2601 315 2688 Μίνῳ.
332 2601 400 2669 Sed
413 2601 506 2668 nihil
521 2602 650 2670 extrico
674 2600 803 2697 (1).--
818 2602 943 2693 Miror,
959 2605 1099 2673 nullum

104 2714 188 2783 dum
204 2713 385 2794 Plutarchi
407 2715 583 2806 exemplar
598 2715 669 2783 huc
688 2715 835 2783 allatum
852 2739 942 2804 esse,
962 2739 1043 2784 cum
1061 2699 1101 2785 id
1180 2753 1183 2761 ·

105 2825 270 2895 facillime
285 2825 365 2893 fieri
379 2825 490 2917 possit
501 2849 566 2918 per
581 2832 706 2895 nautas
716 2826 855 2915 Deme,
869 2827 938 2919 qui
947 2851 1097 2917 merces,

104 2961 256 3030 quarum
272 2936 460 3006 Hollandia
475 2937 627 3030 indiget,
645 2937 804 3030 quotidie
821 2938 982 3008 Londino
997 2941 1099 3011 inve-

104 3051 196 3118 hunt
215 3050 254 3117 in
276 3061 420 3144 portum
443 3035 783 3130 Roterodaniensem.
808 3087 855 3104 ·-—
877 3052 1037 3147 lleynius
1054 3055 1100 3125 ad

104 3185 161 3254 me
176 3160 277 3259 misit
288 3159 491 3255 Catalogurn
511 3161 748 3233 Bibliothecae
770 3163 1100 3259 llulenkampianae

105 3297 188 3344 oum
204 3270 421 3365 praelatione
435 3274 508 3342 sud.
526 3275 626 3344 Multi
647 3276 698 3345 ibi
714 3288 796 3345 sunt
811 3276 894 3346 libri
910 3277 1096 3368 rarissimi,

51 3443 55 3448 .
104 3412 126 3455 a
142 3397 177 3454 te
193 3384 328 3454 dudum
352 3385 515 3477 expetiti,
539 3399 722 3478 tamquam
736 3385 877 3476 Arsenii
900 3387 1096 3479 violeum,
1202 3477 1204 3484 Α

104 3497 130 3566 F
134 3550 141 3564 .
166 3487 284 3568 Ursini
304 3495 446 3599 Fragnr.¹
464 3487 652 3588 Potniai„
676 3498 847 3568 Hesiodus
871 3498 1095 3590 Trincavelli,

104 3622 172 3679 etc.
201 3649 248 3661 --
276 3607 379 3701 Quod
408 3610 529 3679 scribis
559 3612 603 3680 de
630 3610 918 3704 competitoribus
944 3615 1098 3682 muneris

107 3721 320 3811 scholastici,
335 3734 404 3790 tres
415 3746 480 3814 per
496 3747 551 3792 me
564 3724 630 3793 tibi
646 3724 881 3794 commendari
892 3724 1098 3818 voluerunt,

141 3885 176 3954 (ι)
196 3883 268 3937 Cous.
280 3885 361 3953 Wyu.
374 3884 441 3940 lllor.
453 3883 481 3937 Τ.
494 3884 523 3938 V.
535 3902 559 3954 p.
571 3883 630 3955 547.
656 3909 658 3914 ¹
769 3913 772 3922 ·
