2728 4558
740 343 865 444 (⁰²)

303 494 388 565 Crit.
420 502 575 587 partem,
605 491 706 583 cujus
737 492 909 562 desiderio
941 451 1139 582 cruciatur,
1157 477 1309 580 mittes.

302 608 491 700 Nunquam
516 605 590 674 vidi
619 605 797 676 hominem
823 606 869 675 ad
895 628 958 674 nos
986 605 1160 697 juvandos
1191 631 1311 701 para-
1341 688 1344 692 ¹

150 779 153 786 .
229 745 232 759 ·
300 706 437 789 tiorem.
455 717 525 788 Nec
540 719 653 786 ullum
668 718 757 787 mihi
780 717 928 788 dubium
942 719 1137 812 est,quin,
1155 719 1185 806 si
1200 745 1311 790 sum—

300 845 359 901 tus
387 831 500 900 lacere
526 829 629 918 velis,
653 829 833 900 Plutarchi
856 829 1001 900 Codices
1024 832 1215 900 collaturus
1238 832 1306 902 sit.

233 1029 236 1035 ι
299 943 336 1013 Α
352 941 678 1036 Schweighaeusero
694 941 823 1011 idem
808 966 891 1033 Jurc
908 955 970 1012 tuo
991 944 1199 1037 postulabis.
1217 944 1310 1014 Imo

253 1143 257 1153 Ι
302 1056 520 1148 Scaligerana
542 1054 679 1148 Polybii
702 1055 842 1124 collatio
864 1078 910 1124 ne
933 1055 1105 1125 mittenda
1130 1056 1306 1150 qrridcm,

301 1169 370 1238 nisr
360 1168 447 1239 sub
463 1168 530 1237 hac
548 1167 758 1246 conditione.

348 1281 497 1351 llorellii
523 1279 568 1348 ad
593 1303 649 1348 me
676 1279 878 1373 epistolam,
903 1279 988 1372 quia
1009 1302 1110 1350 nova
1122 1279 1344 1372 qsmcdam

181 1445 186 1457 .
301 1389 464 1483 nunciat,
487 1392 542 1461 his
564 1391 675 1460 literis
698 1391 825 1483 adjeci.
842 1390 974 1484 Quam,
995 1391 1067 1483 sao,
1085 1403 1306 1465 cum'emen·

299 1507 382 1575 dato
397 1505 551 1574 Platonis
566 1504 663 1592 loco,
680 1505 772 1572 mihi
786 1505 953 1574 remittas.

349 1617 401 1685 Ει
422 1615 652 1692 Lublinckiae
675 1615 721 1684 ad
741 1616 977 1686 Elisabetham
994 1616 1108 1686 literis
1122 1611 1302 1708 intellexi,

299 1743 334 1800 te
342 1728 582 1822 ,recuperata
596 1728 815 1816 valetudine,
832 1741 947 1799 totum
964 1753 1036 1799 esse
1052 1729 1092 1798 in
1105 1730 1305 1821 juventute

300 1840 501 1912 erudienda
515 1840 618 1934 Quod
628 1865 692 1910 nos
703 1865 823 1910 omnes
835 1841 960 1936 gaudio
973 1843 1175 1913 cumulavit.
1188 1843 1300 1934 Vale,

299 1955 432 2048 optime
453 1953 716 2048 Wyttenbachi.
741 1931 826 2023 Tota
845 1955 969 2024 domus
991 1978 1069 2025 mea
1091 1967 1125 2024 te
1151 1957 1298 2026 salutat.

302 2068 445 2158 leidae,
458 2067 493 2135 d.
509 2063 553 2135 12
563 2066 646 2135 Deo
667 2061 769 2135 1788.

357 2391 359 2394 ’
476 2415 963 2493 Wrrrsuaacmo
998 2419 1116 2492 suo.
1172 2523 1174 2528 Ι

726 2607 752 2650 S.
777 2609 806 2653 P.
829 2612 861 2655 Β.

572 2762 681 2832 nav.
707 2763 1013 2838 aommmos.
1133 2714 1137 2723 ‘

149 3055 150 3059 Ἰ
229 2945 236 2962 ⁰
297 2941 384 3066 Quo
402 2964 596 3059 segniorem
611 2975 704 3033 aetas
722 2986 778 3032 me
793 2965 832 3032 in
847 2965 958 3035 literis
974 2949 1289 3057 scribendislacit,

295 3105 336 3150 eo
355 3075 595 3148 vehementius
614 3087 731 3145 tecum
756 3077 910 3170 colloqui
934 3078 1057 3172 cupio,
1078 3081 1291 3173 praesertim

144 3270 146 3273 .
294 3215 407 3288 quum
422 3189 561 3258 infinita
573 3188 643 3257 sint
660 3188 908 3258 confabulandi
918 3205 1133 3285 argumenta.
1151 3192 1290 3262 Feceris

295 3308 403 3402 igitur
419 3315 454 3373 et
471 3301 559 3371 mihi
575 3312 610 3369 et
625 3301 712 3370 meis
728 3301 889 3372 omnibus
906 3304 1158 3396 gratissimum,
1176 3306 1206 3374 si
1221 3327 1289 3374 nos

261 3451 264 3456 ·
291 3444 358 3515 per
373 3417 475 3487 ferias
497 3413 679 3484 Paschales
695 3425 731 3482 et
745 3415 849 3507 longo
864 3415 1048 3485 intervallo
1064 3417 1204 3487 revisas.
1222 3416 1288 3486 As-

292 3554 419 3627 perum
436 3527 543 3620 lrigus
562 3537 630 3612 cst,
650 3525 784 3611 fateor3
806 3526 866 3596 sed
882 3527 1082 3598 luculentus
1098 3529 1165 3598 tihi
1186 3528 1287 3598 locus

293 3646 333 3714 in
358 3639 519 3712 cubiculo
541 3637 733 3732 parabitur.
764 3638 919 3709 Platonis
945 3640 1060 3711 locum
1083 3641 1122 3710 in
1144 3641 1287 3712 Timaeo

259 3769 262 3774 '
295 3753 345 3828 sic
363 3749 577 3848 explicuisti,
596 3763 636 3819 ut
654 3750 746 3819 nihil
762 3738 838 3822 fieri
856 3753 966 3848 possit
983 3754 1121 3824 melius.
1141 3754 1285 3826 Utinam

259 3926 265 3933 .
293 3869 372 3962 pari
394 3860 560 3936 felicitate
582 3852 743 3957 expedias
765 3866 913 3936 alterum
936 3866 1038 3962 chg.
1063 3868 1125 3938 Vl.
1148 3892 1187 3968 p.
1210 3863 1285 3942 623
1353 3877 1354 3880 ’
