2728 4558
571 365 574 374 “
703 338 880 446 't32l

292 487 448 562 dationis
467 511 565 560 meae
580 491 845 590 praestantiam.
863 479 965 558 Adeo
987 485 1094 594 pauci
1110 495 1212 579 sunt,
1234 489 1314 582 qui

114 666 116 670 ,
291 604 455 675 debonis
473 604 749 674 correctionibus
763 604 855 683 bene
867 601 1032 694 judicare
1049 601 1200 694 possint.

163 719 165 722 ’
339 717 474 790 Ramisi
495 717 564 786 tibi
585 717 827 798 recensionem
844 713 1141 812 Wagnerianam‚
1166 713 1206 785 iu
1226 717 1313 808 quai

293 853 422 926 parum
436 830 551 899 bonae
563 828 684 928 [rugis.
703 829 822 920 Libri,
839 851 929 922 quos
940 828 1142 918 indicabas,
1155 827 1200 898 ad
1211 827 1313 899 Fon-

293 943 444 1014 teinium
470 943 699 1013 curabuntur.
729 942 986 1013 Valckenaerio
1012 953 1134 1019 nostro
1157 942 1311 1012 melius-

295 1057 375 1126 cule
390 1067 453 1126 est.
471 1056 714 1126 Schultensius
727 1069 765 1126 et
784 1057 863 1150 ejus
878 1080 966 1126 uxor
985 1066 1021 1124 te
1040 1055 1206 1125 salutant.
1228 1055 1311 1126 sal-

270 1187 271 1192 ’
294 1169 392 1241 vebis
411 1170 518 1240 etiam
536 1195 558 1240 a
574 1157 675 1241 meis.
897 1173 900 1178 '
1001 1175 1004 1200 '
1102 1259 1103 1266 ἵ
1358 1261 1359 1264 ¹

340 1283 433 1354 Meas
450 1284 488 1353 in
503 1284 691 1354 Horatium
706 1285 846 1354 notulas
863 1306 939 1352 oras
955 1281 1153 1352 describam
1167 1294 1203 1351 et
1223 1281 1309 1352 sine
1358 1321 1359 1366 ᾗ

237 1403 240 1424 “
292 1397 455 1467 moriad
476 1396 512 1466 te
527 1398 678 1470 mittam.
702 1397 808 1486 Vale,
827 1396 879 1466 mi
903 1395 1115 1469 suavissime
1135 1394 1307 1490 Wytten-
1358 1443 1359 1476 ᾖ

293 1510 410 1579 bachi.
427 1509 501 1579 Ser.
518 1509 647 1644 Leidae
664 1504 769 1578 1778.
882 1505 902 1612 ⁴,
1007 1589 1010 1602 η
1127 1611 1129 1618 ,
1217 1627 1220 1636 .

479 1833 973 1947 warrruaaeuro
1007 1861 1116 1934 seo

728 2055 754 2099 S.
779 2053 809 2098 Ρ.
834 2055 867 2098 D.

516 2143 521 2154 ’
574 2191 685 2283 mv.
709 2157 1040 2288 RffllltKENIUs

295 2385 421 2490 Reum
435 2412 654 2510 descripsisti
672 2413 791 2482 locum
810 2410 1006 2483 Anthemii.
1029 2409 1097 2483 Sed
1117 2410 1207 2483 sorte
1225 2433 1305 2484 non

295 2511 785 2623 tantiputastinotare,quod
794 2524 1303 2618 Puteanusinnotulamonet,

294 2645 459 2734 lacunam
474 2641 580 2730 unius
600 2639 700 2707 verbi
722 2639 762 2707 in
776 2663 849 2707 une
871 2638 940 2708 MS.
966 2662 1039 2708 esse
1057 2638 1151 2708 inter
1174 2638 1239 2715 ἥτις
1261 2653 1306 2709 et

295 2751 393 2825 card.
405 2752 493 2823 Mihi
503 2751 680 2846 posterius
692 2749 782 2820 θέσιν
798 2764 929 2821 temere
941 2751 1134 2845 repetitum
1143 2752 1302 2822 ridetur.
1357 2775 1358 2788 ¹

340 2853 617 2939 Valckenaerius
634 2863 934 2956 quotiesdeh'rat,
952 2864 1057 2934 toties
1075 2864 1144 2936 sibi
1159 2865 1305 2958 aliquot
1357 2877 1358 2910 ³

290 2967 490 3077 praeclaros
506 2978 599 3078 viros
611 2977 832 3072 exagitandos
845 2977 970 3066 sumit,
988 2978 1156 3072 inprimis
1171 2978 1303 3056 Ernes-

293 3107 382 3165 tum.
398 3093 514 3188 Quem
527 3104 577 3162 ut'
588 3090 725 3164 Graeca
747 3090 934 3162 nescivisse
950 3092 1169 3181 ostenderet,
1187 3091 1304 3186 serip-

294 3209 340 3278 sit
359 3206 691 3278 Animadversiones
710 3206 749 3274 in
767 3204 975 3276 Callimachi
996 3204 1202 3300 fragmenta.
1223 3205 1304 3276 Nec

295 3323 436 3418 scripsit
459 3332 615 3410 tantum,
640 3318 718 3408 sed,
744 3317 907 3388 omnibus
930 3317 1070 3408 inseiis,
1095 3319 1173 3410 jam
1193 3318 1302 3411 prelo

295 3435 458 3530 subjecit.
476 3430 560 3536 Vidi
579 3433 668 3502 [orte
684 3432 770 3502 duas
790 3431 950 3525 plagulas
966 3431 1006 3502 in
1021 3455 1211 3540 operarum
1225 3455 1303 3502 ma·
1357 3440 1358 3459 ¹

294 3551 412 3621 nibus.
436 3550 536 3618 Inest
548 3547 594 3616 iis
615 3545 767 3616 eruditio
787 3544 1044 3644 Valckenaerio
1072 3545 1178 3644 digna
1202 3568 1211 3612 ε
1237 3546 1305 3618 sed

294 3666 407 3734 multa
429 3663 536 3731 etiam
556 3660 727 3754 impressa
750 3669 831 3727 sunt
851 3658 998 3755 vestigia
1021 3658 1176 3728 bominis
1200 3669 1305 3728 extra

296 3780 383 3848 ollas
397 3775 567 3870 vagantis.
583 3771 692 3842 Filius
710 3797 792 3841 eum
806 3772 852 3842 ab
866 3772 935 3841 hoc
952 3769 1117 3844 instituto
1132 3796 1304 3844 revocare

296 3902 442 3960 conatus
452 3898 521 3958 ‘'est.
537 3887 607 3958 Sed
623 3886 728 3956 surdo
744 3886 909 3964 narrabat
926 3883 1101 3958 fabulam.-
