2728 4558
299 659 302 668 l
516 649 522 655 ·
1023 665 1028 672 5

467 783 955 872 wrrrnutacmo
989 797 1132 896 suo
1238 773 1243 786 “

715 1007 742 1051 8.
766 1007 805 1053 1.,
820 1009 853 1052 lJ.

560 1179 671 1250 ort.
697 1147 1003 1252 arumnosas.
1030 1147 1034 1156 '

285 1375 521 1478 Gmnssmm
532 1410 622 1479 mihi
632 1410 753 1478 literae
770 1423 851 1484 tuae
866 1408 1028 1498 fuerunt,
1046 1418 1284 1501 praeteream

283 1531 438 1610 partem,
453 1545 545 1612 quae
562 1522 698 1590 itineris
711 1522 758 1592 ad
771 1544 836 1592 nos
852 1522 906 1591 tui
921 1520 1125 1590 dilationem
1141 1521 1285 1588 nuntia·

283 1628 355 1698 bat.
379 1631 628 1725 Exspeotemus
648 1634 772 1727 igitur,
796 1632 958 1722 ἅλυὸμενοί
979 1663 1052 1729 περ,
1078 1633 1180 1701 ferias
1203 1655 1285 1725 pas-

285 1741 413 1814 chales.
438 1745 487 1814 Ex
503 1746 621 1836 libris,
639 1771 729 1840 quos
746 1735 915 1840 requiris,
933 1769 1049 1839 nuper
1063 1745 1102 1814 in
1117 1745 1285 1814 auctione

283 1854 499 1951 Hinlopianal
508 1859 644 1930 venditi
654 1872 736 1929 sunt
747 1859 948 1930 Cleomedes
961 1857 1108 1928 Balsorii
1118 1870 1154 1926 'et
1166 1857 1286 1950 Scrip-

282 1979 340 2036 tor
360 1969 524 2065 Theolog.
545 1971 861 2042 Arithmeticorum
884 1996 990 2041 :mox
1005 1972 1044 2040 in
1060 1970 1283 2039 Miadeniana

274 2071 400 2175 'Hagae
421 2084 622 2154 venduntur
637 2086 810 2178 Excerpta
828 2085 1041 2178 Rhetorum,
1068 2077 1103 2151 et
1119 2083 1180 2151 alii
1197 2082 1285 2151 libri

283 2194 463 2263 rarissimi.
490 2195 541 2266 Ex
568 2221 639 2290 quo
666 2197 893 2290 intelligitur,
918 2209 979 2265 aut
1007 2183 1217 2289 chgstium
1244 2194 1285 2263 in

286 2304 458 2401 Gatalogis
479 2321 597 2378 tecum
620 2309 936 2398 communicandis,
962 2321 1023 2378 aut
1040 2321 1077 2378 te
1091 2309 1130 2377 in
1144 2309 1214 2377 illis
1230 2307 1286 2376 le-

285 2419 407 2511 gendis
416 2422 702 2515 negligentiorem
713 2421 1057 2516 esse-Eurydices
1069 2422 1285 2515 epigramma
1351 2411 1352 2500 l

285 2531 331 2601 ab
353 2557 425 2603 uno
445 2535 635 2603 Plutarcho
659 2547 833 2606 servatum
855 2535 995 2603 videtur
1019 2558 1027 2603 ι
1052 2532 1167 2626 quod,
1192 2532 1282 2621 scio,

284 2753 570 2831 .thrbtlrtonum
594 2784 628 2829 v.
659 2759 777 2835 Oirrc'c.
805 2799 853 2812 -
885 2760 947 2835 Bloc
979 2757 1028 2828 ἐπὶ
1058 2759 1207 2854 (accipet
1232 2769 1284 2826 est

188 2885 191 2901 ¹
286 2874 359 2940 vita
369 2883 498 2963 parata
505 2923 519 2957 ,
538 2873 706 2966 expedita.
720 2872 929 2942 Plutarchus
942 2870 1109 2965 expressit
1124 2869 1284 2952 Latinam

286 2982 519 3074 locutionem,
537 2991 576 3055 in
583 2990 778 3078 procinctu.
797 3024 844 3038 -
859 2985 911 3054 De
926 2996 1039 3054 metro
1054 3008 1174 3052 versus
1190 2983 1282 3072 Me're,

287 3100 425 3190 Καρκῒνε,
439 3096 644 3166 Santonium
657 3098 834 3186 consului,
846 3097 948 3188 cujus
960 3120 1168 3191 responsum
1178 3085 1286 3164 habes

287 3206 327 3274 in
350 3207 517 3277 schedula
537 3209 686 3300 adjecti.
712 3251 759 3262 --
783 3210 888 3302 Quod
909 3210 1107 3302 quondam,
1132 3233 1224 3303 quae
1246 3232 1285 3276 er

286 3319 433 3389 Platone
448 3322 654 3412 laudantur,
672 3334 823 3414 uterque
835 3321 873 3390 in
884 3322 1029 3392 Platone
1042 3321 1170 3392 frustra
1182 3345 1284 3414 quae·

180 3507 184 3514 ,
223 3487 225 3492 ,
289 3432 451 3522 sivimus,
479 3458 552 3532 non
579 3446 613 3503 te
631 3433 747 3528 ¹fugit,
778 3433 874 3526 quod
903 3435 1040 3503 monuit
1067 3435 1214 3504 Casaub.
1242 3433 1285 3503 ad

288 3545 420 3616 Athen.
433 3570 471 3639 p.
481 3544 563 3636 382,
571 3545 948 3616 multaahAristostele
957 3546 1095 3616 laudari
1103 3547 1282 3635 ePlatono,

290 3683 383 3752 quae
398 3659 437 3727 in
452 3682 493 3727 eo
509 3683 582 3728 non
597 3657 836 3752 reperiuntur.
854 3699 901 3711 -
914 3659 1069 3748 Damon,
1083 3660 1148 3752 qui
1158 3659 1285 3728 fidibus

290 3770 411 3841 docuit
429 3770 599 3840 Periclem
618 3782 653 3839 et
668 3770 863 3860 Socratem,
875 3795 941 3865 per
952 3771 1121 3865 temporis
1138 3772 1285 3840 rationes

150 3861 153 3867 A
255 3863 257 3868 ’
287 3905 364 3964 non
379 3882 498 3980 potuit
512 3883 638 3957 docere
652 3881 913 3958 Aristoxenum.
930 3884 981 3955 De
997 3908 1071 3978 quo
1088 3907 1286 3956 erroreum
