2728 4558
519 346 727 444 (ιιι)ΙΔ
830 411 833 418 ,

68 509 179 568 stare.
188 547 190 554 >
200 495 246 568 Id
261 516 343 566 eum
358 493 540 566 delirantis
554 493 732 586 judicium
751 514 825 560 esse
841 489 1075 581 ostenderem,

67 610 235 706 perstitit
258 609 299 678 in
323 609 470 678 consilio
496 607 681 703 Sophistae
708 604 946 700 inprimendi,
975 605 1080 673 modo
1209 655 1222 678 .

67 721 251 818 praefatio
283 732 345 791 tua
376 720 540 811 accedat,
573 731 609 788 et
639 720 795 790 delectus
818 719 887 790 »fiat
915 729 1081 793 notarum

69 834 462 914 Wernsdorfianarum.
560 837 564 846 '
868 902 874 914 „
957 925 959 929 ,

122 949 249 1038 Soror,
262 948 302 1016 in
316 948 457 1019 lubrico
466 948 581 1042 lapsa,
596 947 784 1018 brachium
794 943 955 1017 dextrum
967 943 1081 1037 fregit.

72 1062 179 1155 Quae
197 1085 288 1154 quos
304 1061 442 1130 dolores
453 1062 656 1156 pertulerit,
669 1063 726 1130 vel
737 1085 793 1130 me
809 1071 965 1149 tacente,
981 1057 1082 1126 intel·

9 1239 10 1264 ἶ
72 1175 170 1270 ligis.
186 1174 315 1246 Omnes
327 1175 395 1244 tibi
407 1176 556 1245 salutem
566 1174 787 1269 impertiunt.
802 1174 908 1262 Vale,
920 1172 1083 1265 Wytten-
1102 1199 1106 1212 f

9 1285 10 1330 3
72 1288 186 1359 bachi
202 1287 354 1383 optime,
373 1300 409 1357 et
423 1312 495 1378 me,
511 1300 552 1358 ut
566 1311 679 1377 amas,
693 1311 783 1356 ama.
799 1286 888 1356 Dab.
901 1284 1030 1355 Leidae
1045 1281 1080 1352 d.

73 1399 100 1472 8
116 1401 220 1472 Febr.
240 1397 344 1472 1784.

74 1596 1081 1638 W

268 1749 760 1872 wrrruuuaeuto
795 1750 903 1823 suo

507 1943 539 2004 s.
565 1943 594 1988 ι’.
619 1947 652 1990 u.

232 2045 234 2050 ⁵
302 2055 313 2116 ³
360 2065 470 2171 nau
497 2100 805 2173 suasimus.

76 2280 200 2384 Hesus
212 2314 283 2384 duo
295 2315 488 2410 specimina
502 2316 758 2410 typographica
769 2314 927 2410 Operum
938 2309 1086 2398 Mureti,
1188 2363 1191 2374 .

78 2453 122 2496 ex
137 2426 288 2521 quibus,
302 2429 420 2520 qualis
432 2428 597 2498 editionis
609 2428 721 2497 forma
733 2428 852 2497 futura
869 2426 931 2514 sit,
946 2446 1104 2516 eognoSu

80 2565 162 2610 cere
181 2541 306 2636 possis.
328 2543 493 2612 Alterum
512 2543 712 2635 exemplum
733 2565 811 2612 eum
832 2535 1035 2624 Fonteinio,
1056 2534 1089 2604 si

82 2651 174 2722 tanti
200 2653 362 2744 videtur,
392 2639 680 2724 communicabis.
711 2652 883 2742 Notulae,
912 2674 1000 2745 quas
1027 2647 1088 2716 hie

81 2765 158 2834 illie
173 2765 351 2860 adspersi,
370 2790 440 2838 non
459 2766 522 2836 tibi
544 2767 696 2860 scriptae
716 2778 816 2856 sunt,
835 2764 897 2836 sed
911 2761 1088 2833 tironibus

80 2877 210 2949 veteris
226 2878 419 2972 elegantiae
438 2878 613 2948 studiosis.
649 2867 655 2878 '

129 2977 297 3082 Quaestio
324 2990 507 3084 Stolpiana
533 3013 606 3059 non
634 2992 700 3060 sub
723 2989 832 3059 finem
858 2987 1023 3076 aestatis,
1046 2995 1089 3055 ut

82 3103 199 3196 nuper
226 3091 374 3196 scripsi,
399 3103 460 3174 s'ed
485 3104 555 3172 hoc
582 3103 660 3197 ipso
683 3126 824 3193 mense,
854 3105 1087 3197 proponetur:

9 3247 10 3310 t
82 3217 188 3306 Eam,
207 3239 235 3314 a,
246 3215 397 3287 Pestelio
420 3228 456 3285 et
471 3212 684 3287 Allemando
705 3215 908 3304 formatam,
925 3239 992 3284 uec
1010 3213 1090 3306 ipse

83 3328 216 3424 probo,
237 3351 304 3398 nec
323 3340 360 3398 te
388 3329 624 3423 probaturum
645 3341 754 3423 puto,
776 3340 965 3422 propterea
992 3323 1090 3418 quod

83 3441 193 3534 magis
213 3441 412 3534 theologica
427 3454 497 3531 est,
510 3447 624 3534 'quam
642 3438 902 3534 philosophica.
919 3435 1089 3505 Deutzius

84 3553 174 3624 mihi
200 3544 354 3625 flebilior
379 3553 586 3643 occidisset,
610 3552 680 3622 nisi
701 3551 804 3620 illum
828 3559 965 3619 astutus
991 3559 1092 3619 vete-

84 3680 180 3738 rator
195 3667 240 3737 K.
260 3668 503 3762 depravasset,
521 3678 556 3736 et
602 3665 711 3735 atriae
727 3689 810 3734 suae
827 3662 992 3732 inutilem
1007 3660 1092 3732 red-

86 3781 243 3852 didisset.
273 3782 390 3852 Velim
419 3805 459 3850 ex
483 3691 632 3864 Bossiio
659 3791 780 3874 nostro
808 3800 980 3870 quaeras,
1009 3773 1092 3867 quis

9 3889 10 3934 ³
86 3895 385 3995 pragmaticorum
401 3893 478 3986 ejus
498 3890 752 3970 testamentum«
765 3901 986 3989 exsequatur.
1005 3887 1092 3960 Mihi
