2728 4558
515 347 682 452 ,(⁸¹)

120 491 209 566 meis
229 491 442 587 delegeram,
461 494 503 580 in
512 475 622 586 'cujus
640 496 809 566 suavitate
829 508 864 566 et
880 516 1015 588 amore,
1034 511 1117 593 post

120 617 284 702 creptum
303 606 405 676 nobis
425 605 703 697 Schultensium,
726 610 1020 702 conquiescerem.
1039 611 1117 704 Quo

120 720 263 813 gravius
278 731 331 790 cst
347 720 611 813 vulnus,.quod
626 720 715 790 mibi
733 745 826 792 mors
845 721 922 814 ejus
938 723 1117 820 imposuit.

122 832 231 904 Recte
248 831 339 904 lanc
351 832 528 924 jacturam
543 832 808 928 irreparabilem
823 857 936 906 vocas.

306 1201 793 1346 wrrrauaacnro
831 1241 938 1317 suo
1005 1355 1007 1360 ι

553 1420 633 1489 s.'r.
659 1447 691 1491 o.
732 1421 738 1448 ³

400 1616 508 1687 Dav.
535 1556 841 1690 RUIlNKENIUS.
881 1641 890 1651 ³

122 1825 370 1943 Srrmvamu,
388 1851 564 1943 futurum,
584 1867 624 1923 ut
643 1854 856 1938 desiderium
872 1865 989 1924 tecum
1010 1856 1119 1926 collo-
1141 1889 1144 1894 ¹

121 1967 279 2060 quendi,
303 1989 376 2059 quo
399 1966 438 2034 in
460 1966 534 2036 dies
557 1966 799 2036 vehementius
820 1989 999 2056 maceror,
1025 1966 1119 2036 seriis

8 2061 9 2071 ἵ
121 2079 349 2149 Paschalibus
372 2078 529 2148 lenirem.
552 2075 684 2150 Verum
706 2102 779 2148 non
800 2078 883 2148 licet
904 2101 969 2171 per
990 2078 1119 2148 milites

72 2201 83 2216 ’
121 2189 266 2279 Gallos,
292 2191 356 2284 qui
383 2190 523 2260 aedium
545 2215 702 2261 mearum
728 2203 866 2284 partem
888 2204 1117 2283 occuparunt.

122 2303 179 2372 Ita
195 2327 316 2372 rursus
332 2325 535 2397 congressus
551 2314 670 2372 noster
686 2301 843 2372 inferias
863 2302 1120 2374 pentecostales

122 2414 336 2507 rejiciendus
356 2427 409 2485 est
431 2439 438 2482 ε
461 2413 529 2484 nisi
551 2414 639 2484 forte
660 2415 787 2484 Leidae
807 2413 983 2510 praeferas
1003 2417 1121 2486 locum

121 2527 210 2600 mihi
225 2528 350 2597 multis
362 2528 406 2597 de
424 2528 552 2597 caussis
571 2527 743 2618 invisum,
761 2527 825 2620 qui
845 2550 958 2617 nunc,
977 2540 1017 2598 ut
1032 2531 1120 2599 scri-

120 2639 194 2728 bis,
213 2640 341 2711 bonam
363 2652 501 2734 partem
521 2639 559 2708 in
576 2640 688 2710 ruinis
699 2640 811 2732 jacet.
831 2637 1017 2710 Leidenses
1038 2665 1118 2711 cum

120 2751 244 2821 calidis
260 2752 331 2823 suis
355 2751 510 2822 consiliis
535 2753 654 2822 valere*
666 2753 795 2844 jubeo,
817 2735 917 2845 quos.
930 2752 1117 2822 Santenius

120 2875 256 2954 noster,
276 2865 349 2959 qud
368 2875 419 2935 est
438 2863 535 2958 apud
555 2887 613 2934 eos
635 2864 861 2954 auctoritate,
879 2863 925 2934 ad
944 2865 1117 2935 saniorem

119 2986 274 3046 mentem
289 2977 478 3048 revocabit.
495 2979 568 3072 Ego
585 2975 695 3070 gratid
709 2975 818 3049 floreo
836 2965 934 3072 apud
954 2977 1117 3049 Lestere-
1219 3050 1224 3058 ,
1299 3023 1302 3030 ·
1352 2965 1353 2972 ἵ

1 3101 2 3144 l
119 3113 271 3179 nonum,
292 3089 442 3160 Paulum
482 3101 517 3160 et
536 3089 623 3159 alios
642 3087 815 3159 libertatis
834 3090 1008 3181 vindices,
1031 3092 1113 3185 qui,

119 3213 160 3271 ut
185 3202 425 3292 ostenderent,
450 3202 584 3297 quanti·
599 3215 865 3298 praeceptorem
883 3227 1001 3274 senem
1021 3201 1115 3272 lace-

118 3323 216 3404 rent,
233 3337 290 3384 mc
300 3312 447 3385 Senatds
460 3314 627 3403 scribam,
640 3314 705 3384 etsi
722 3315 873 3384 scribere
883 3315 940 3384 vix
950 3337 1112 3408 possum,

119 3437 295 3498 creanmt.
793 3434 799 3444 '
1122 3446 1124 3452 '

165 3539 345 3611 Studiosos
361 3550 497 3610 nostros
509 3539 584 3633 jam
599 3538 758 3634 poenitet
773 3537 1000 3631 obsequium,
1017 3539 1116 3633 quod

106 3646 376 3752 *Professoribus
391 3651 601 3741 debebatur,
619 3651 765 3746 rupisse.

166 3763 380 3835 Praelationi
407 3766 452 3835 ad
478 3765 695 3860 Schellerum
722 3763 897 3852 eamdem,
918 3763 975 3831 vel
997 3763 1116 3856 potius

120 3878 301 3949 meliorem
318 3899 461 3974 operam
483 3879 644 3969 natabis,
670 3874 777 3972 pram
801 3899 863 3971 ego
884 3876 953 3957 tais
977 3876 1116 3970 scriptis

951 3986 975 4057 6
