2728 4558
282 575 361 635 tum
378 565 487 634 est'ex
502 561 521 635 1
536 561 619 661 παρ’.
632 603 679 616 --
694 570 851 654 motivas,
865 562 963 658 quod
977 560 1067 631 mihi
1081 561 1200 656 placet
1214 585 1294 655 pro

283 682 438 768 φοβεῖται,
451 677 597 772 respicit
606 668 717 748 rerba
726 676 943 772 Sapphonis:
954 676 1081 773 caplim
1093 673 1121 745 ἐν
1133 673 1292 746 στήθεσιν

284 787 442 862 Emisere.
455 790 534 859 Scio
550 790 687 881 tamen,
701 795 837 878 φοβεῖται
852 814 893 860 ex
906 788 1129 859 Aristaeneto
1141 786 1291 858 delendi

282 924 398 996 posse.
584 973 586 978 .

330 1014 414 1109 Pag.
433 1010 490 1084 18.
506 1013 658 1108 Capituli
669 1014 913 1084 emendatione
926 1015 1070 1107 supples
1080 1013 1201 1082 locum
1210 1037 1293 1082 mu·

282 1125 390 1196 tilum
404 1127 558 1228 Juliani,
573 1127 809 1199 Valckenario
820 1127 926 1197 etiam
939 1125 1121 1220 sagacitati
1132 1137 1214 1195 tuae
1226 1149 1292 1220 ap·

282 1238 487 1334 plaudente.
1355 1289 1356 1298 1

273 1367 275 1372 '
330 1352 414 1447 Pag
440 1349 497 1422 19
520 1352 640 1442 Pone,
664 1351 920 1446 Wyttenbachi
946 1350 1173 1441 amicissime,
1201 1347 1293 1420 αὔτα·
1355 1391 1356 1404 1

284 1465 376 1553 poris
392 1465 566 1558 scriptum
581 1463 699 1534 fuisse
716 1462 831 1557 Quem
852 1465 995 1536 tandem
1012 1487 1153 1534 sensum
1167 1463 1228 1534 ille
1247 1463 1293 1533 ti-

282 1578 381 1647 tulus
396 1573 569 1655 habebit?
583 1577 672 1646 Nam
687 1576 786 1672 quod
807 1577 930 1647 laudas
948 1607 1087 1674 χρησμον
1105 1575 1289 1667 amicam,

282 1689 324 1759 id
338 1714 483 1785 prorsus
499 1689 655 1759 alienum
674 1701 738 1759 est.
751 1689 954 1782 Lagentium
964 1688 1104 1761 videtur
1118 1714 1126 1758 ι
1142 1687 1170 1760 ἓν
1181 1690 1223 1780 cii
1233 1690 1293 1758 τοῦ

283 1800 372 1880 Korde
387 1801 561 1899 αὗτοφορίφ,
576 1799 594 1874 ri
609 1803 655 1891 τᾷ
670 1799 756 1871 κατὰ
772 1803 829 1872 reis
846 1803 1044 1899 χρηστηρίων.
1061 1802 1161 1872 Idem
1176 1801 1289 1891 liber,

284 1927 327 1984 ut
337 1915 517 1986 Fabricius
528 1915 567 1985 in
577 1916 669 1986 Bibl.
684 1914 748 1988 Gr.
761 1916 881 2007 docet,
896 1916 1003 1985 etiam
1014 1915 1206 2008 inscriptus
1218 1913 1291 1984 luit

284 2025 369 2124 popel
387 2027 513 2114 poitur.
539 2028 618 2099 Jam
635 2051 825 2124 synonyma
846 2041 927 2099 sunt
944 2024 1026 2125 popel
1048 2039 1084 2097 et
1106 2026 1287 2123 αὖτοφυρίω.

199 2155 201 2164 “
333 2139 415 2235 Pag.
433 2137 491 2210 21.
508 2139 557 2210 Σοὶ
570 2137 605 2209 ll
616 2139 725 2238 αἱρετῆς
736 2153 803 2210 etc.
821 2140 916 2210 Huic
930 2142 1009 2210 loco
1025 2140 1129 2234 quasi
1142 2140 1252 2239 vitam
1267 2164 1290 2210 e

284 2252 521 2324 Demosthene
539 2253 734 2324 reddidisti.
751 2254 891 2344 Fateor,
907 2276 965 2323 me
981 2252 1158 2346 ejusmodi
1172 2253 1291 2324 obser·

285 2366 486 2438 rationibus
501 2391 616 2467 prope
631 2367 760 2463 magis,
781 2391 890 2462 quam
905 2365 1192 2461 ingeniosissimis
1209 2389 1291 2435 con·

283 2478 455 2572 jacturis,
482 2480 663 2550 delectari.
692 2478 785 2549 Vide
809 2492 945 2570 tamen,
971 2502 1017 2548 an
1037 2478 1140 2576 πρέῳς
1161 2478 1291 2549 melius

282 2592 456 2686 jungatur
473 2616 554 2662 cum
571 2590 725 2692 ἐνέσχου,
745 2617 853 2686 quam
870 2618 951 2664 cum
967 2591 1139 2680 λεγὸμενον.
1190 2677 1195 2688 .

333 2703 417 2798 Pag.
436 2701 493 2773 24.
511 2704 629 2774 Malim
647 2728 656 2774 ζ
674 2703 712 2781 ὥς
726 2705 894 2790 plainam
912 2704 1028 2777 ἐκεῖνον.
1047 2705 1116 2775 Sed
1130 2703 1290 2798 quidest

287 2813 519 2915 σφὸὃραέχεινῗ
766 2841 768 2850 ’

333 2931 427 3000 lbid.
444 2929 596 3026 Propius
611 2930 657 3000 ad
671 2929 843 3020 σύμπαντα
860 2931 995 3001 accedit
1007 2930 1157 3022 cinara,
1168 2943 1211 3001 ut
1221 2931 1288 3002 Ae·

287 3042 517 3137 {chylushm
536 3074 626 3131 σημα
642 3041 946 3133 deincremento

246 3141 417 3250 ἠις
434 3152 493 3226 26.
511 3156 637 3248 Miror,
655 3169 690 3226 te
702 3181 740 3227 rn
751 3157 911 3247 Polluce,
926 3181 1029 3248 quus
1040 3156 1153 3227 facilus
1165 3169 1200 3226 at
1210 3180 1287 3251 per

286 3267 431 3374 spicuus
448 3292 568 3340 sensus
585 3282 654 3360 est,
673 3270 830 3340 haerere
847 3269 918 3359 VI,
938 3266 1018 3339 122.
1043 3270 1146 3362 siaa?
1170 3283 1222 3340 ast
1237 3301 1286 3355 os·

284 3387 382 3473 λοῗος,
402 3391 464 3494 ’με
458 3383 637 3453 ridicula
651 3385 767 3475 jacit,
791 3380 1045 3473 καταγέλαστος,
1070 3389 1133 3477 qui
1149 3393 1289 3476 propter

283 3500 529 3588 inquietatos
540 3497 686 3568 ridetur.
703 3497 774 3587 VI,
792 3494 873 3566 201.
892 3495 977 3590 Agit
993 3497 1037 3566 de
1048 3496 1181 3586 vcrh1s,
1195 3521 1286 3590 quae

286 3607 627 3701 significantiisum,
640 3621 816 3702 quatenus
828 3633 889 3679 ore
900 3622 935 3680 et
947 3610 1058 3680 oculis
1070 3609 1339 3702 ostenditur3

283 3720 384 3790 addit
406 3720 606 3791 deinde*
554 3752 659 3819 ετερας
679 3722 784 3819 χρείας
801 3747 874 3793 esse
889 3724 996 3793 verba
1011 3727 1143 3812 petrice,
1166 3722 1287 3808 γελοία·
1349 3749 1350 3754 ’

286 3839 347 3920 ζειν
372 3845 439 3903 etc.
467 3834 642 3904 Nimirum
664 3834 752 3905 haec
773 3858 846 3906 non
858 3836 1000 3907 utenda·
1023 3837 1208 3909 notionem
1226 3837 1288 3907 ha·

285 3944 395 4040 bent,
408 3947 469 4021 sed
484 3947 667 4023 deridendi
680 3960 715 4020 ct
731 3949 977 4025 amtemoendi.
