2728 4558
529 365 663 466 (59)

77 513 156 587 νοῦν
171 511 250 606 ἔχειν
266 510 469 604 τελεωθέντι,
482 517 610 587 τοιοῦτον
627 513 679 584 καὶ
690 516 826 585 τοσοῦτον
839 512 920 586 otidis
932 513 999 606 ἕχον
1011 505 1085 586 Ιπὸτε
1105 559 1107 570 ·

78 623 211 716 peierat
232 625 260 698 ἔν
278 626 373 716 τούτῳ
393 625 432 698 tn*
447 629 491 715 roi
505 627 614 723 χρὸνφ,
633 640 699 698 eto.
718 669 763 680 -
781 628 983 722 Burgessius
998 628 1087 698 mihi

80 739 254 834 scripsit,
272 764 309 809 se
322 740 531 835 propediem
547 741 673 811 Leidae
689 739 865 830 futurum,
878 753 913 810 et
928 735 979 810 ibi
994 763 1087 808 men·

82 876 167 923 sem
193 842 500 923 commoraturum.
524 854 590 924 Tui
611 853 754 925 videndi
776 853 911 923 mirum
936 852 1090 923 ostendit

81 963 319 1034 desiderium.
337 965 406 1036 Nos
421 978 544 1035 omncs
556 966 794 1040 Warmondae
810 983 930 1035 sumus
937 1017 947 1055 ,
959 978 995 1036 et
1007 966 1106 1035 satis*

80 1089 190 1147 recte
211 1077 378 1175 volemus.
400 1077 590 1147 Mariamna
604 1089 723 1149 tamen
741 1079 866 1148 urbem
885 1102 967 1172 agro
984 1101 1090 1171 prae-

83 1187 175 1258 fert.
200 1188 312 1286 Spero
332 1188 457 1280 etiam,
481 1190 571 1260 benc
596 1191 663 1260 tibi
689 1214 784 1278 esse,
808 1203 843 1259 et
869 1189 1089 1258 Elisabethae

81 1325 212 1391 meae,
230 1301 333 1394 cujus
348 1302 467 1371 literas
484 1315 656 1397 exspecto.
673 1302 792 1372 Saluta
806 1285 997 1389 Vriesium‚
1013 1288 1106 1369 vri?

84 1407 271 1507 sitimque,
286 1425 321 1482 et
335 1414 492 1485 vicinum
505 1415 814 1504 humanissimum,
826 1409 1088 1484 Lublinckium.
1145 1407 1147 1413 ’

82 1525 200 1615 Vale,
222 1526 272 1594 mi
291 1526 467 1612 carissime
486 1523 757 1624 Wy'ttenbachi,
779 1539 832 1617 et,
852 1526 941 1620 quid
962 1524 1029 1595 tibi
1044 1524 1090 1594 de

85 1637 251 1709 Plutonis
266 1639 345 1708 loco
360 1640 539 1726 videatur,
556 1639 720 1710 rescribe.

142 1749 271 1822 Leidae
289 1777 336 1821 m.
354 1751 447 1847 Aug.
466 1748 569 1822 1788.

267 2085 769 2214 wrrrsussuculo
795 2099 912 2183 'suo

526 2303 552 2346 S.
577 2303 607 2346 Ρ.
632 2305 664 2348 Ι).

215 2437 218 2446 ⁴
372 2457 482 2528 oAv.
508 2457 815 2531 susurramus.
856 2549 859 2553 Α

94 2625 159 2722 Ta
170 2678 211 2723 cx
222 2655 317 2748 gravi
329 2656 467 2745 morbo,
481 2654 545 2750 qui
556 2679 620 2726 nos
630 2657 732 2727 valde
744 2657 910 2726 sollicitos
921 2655 1091 2746 habebat,

94 2753 331 2857 convaluisse,
347 2768 458 2837 laetor
473 2781 508 2838 et
520 2770 713 2863 triumpho.
731 2769 819 2838 Filia
833 2793 911 2839 mea
926 2793 1091 2861 magnum

92 2879 328 2949 humanitatis
346 2892 427 2949 tuae
444 2878 597 2950 [ructum
615 2882 728 2975 cepit,
747 2893 782 2950 et
800 2905 821 2948 a
839 2905 894 2951 me
912 2881 1035 2975 petiit,
1052 2890 1094 2949 ut

92 2991 165 3062 tibi
181 2993 324 3085 gratias,
337 3017 426 3086 quas
437 3018 576 3086 possem
586 2994 769 3083 maximas,
782 2988 931 3088 agerem.
943 2995 1095 3087 Burges-

94 3105 169 3174 sius
188 3117 306 3177 noster
325 3105 485 3198 quotidie
503 3132 545 3177 ex
563 3130 619 3177 me
639 3107 797 3201 quaerit,
814 3108 958 3200 quando
979 3119 1014 3177 et
1031 3105 1094 3176 ubi

93 3229 133 3287 te
149 3215 267 3286 videre
278 3218 401 3310 possit.
414 3217 544 3288 Statuit
561 3219 654 3288 enim
667 3232 784 3289 tecum
794 3244 896 3313 agere
907 3219 1096 3289 de'Plutar·
1225 3245 1229 3255 ²

96 3328 165 3398 cho
189 3330 362 3399 sumtibus
384 3327 594 3401 Academiae
616 3331 821 3401 Oxoniensis
845 3328 1094 3423 imprimendo.
1211 3397 1214 3403 ,
1342 3321 1344 3328 ’

98 3440 276 3510 Nimirum
293 3440 504 3512 Oxonienses
519 3444 644 3512 volunt
662 3443 818 3535 culpam,
836 3464 944 3533 quam
960 3439 1099 3532 aliquot

95 3552 198 3622 malis
215 3553 429 3623 editionibus
449 3554 668 3648 proferendis
685 3563 949 3643 contraxerunt,
971 3550 1097 3619 melio-

94 3663 201 3734 ribus·
220 3665 403 3734 redimere.
433 3664 513 3758 Quo
544 3665 691 3736 consilio
717 3677 788 3734 tres
815 3664 908 3732 viros
940 3661 1095 3732 eruditos

94 3776 233 3870 magnis
255 3777 421 3870 praemiis
445 3771 657 3868 invitarunt,
682 3778 747 3870 qui
764 3786 1000 3846 correctorum
1015 3796 1097 3843 mu-

94 3899 180 3961 nere
206 3887 408 3986 fungantur.
438 3889 544 3985 Urget
573 3889 642 3962 boc
669 3889 871 3965 institutum
897 3887 1094 3988 Episcopus
1124 3917 1127 3922 ·
