2728 4558
731 415 745 513 (
769 415 815 486 22

290 560 452 632 Eldikius
468 586 614 657 quoquc
627 587 732 657 super
744 416 910 635 libroluo
926 562 1045 632 literas
1062 562 1108 632 ad
1117 585 1174 632 mc
1187 539 1312 658 scrip-

291 675 336 745 sit
354 700 362 744 1
383 676 514 770 quibus
529 677 657 767 lectis,
678 677 753 746 vidi
777 677 933 746 evenisse
940 727 954 760 ,
972 676 1071 769 quod
1086 676 1170 765 tihi,
1189 676 1310 746 inter·

288 788 375 858 dum
398 781 516 858 minus
539 789 693 858 consiliis
716 775 803 858 meis
816 793 835 880 ,“
851 813 959 882 quam
986 789 1169 878 volebam,
1198 790 1307 859 ohse-

289 902 437 995 quenti,
463 903 710 995 praediceham
739 915 962 971 eventurum.
983 901 1073 970 Nam
1094 902 1173 972 illos
1195 902 1306 996 ipsos

287 1013 399 1104 locos,
418 1040 507 1108 quos
524 1041 602 1110 ego,
620 1018 717 1085 velut
728 999 916 1110 perperam
933 1026 1102 1104 tentatos,
1115 1027 1303 1106 notarem,

289 1127 357 1196 sihi
387 1130 586 1200 tractandos
621 1124 767 1218 sumsit,
797 1126 1018 1220 correxitque
1044 1127 1135 1196 1111111
1161 1129 1305 1222 ingenii

236 1277 243 1292 .
288 1239 468 1313 felicitate.
493 1225 630 1336 Quibus
650 1243 743 1314 hond
764 1267 846 1312 cunr
864 1241 967 1311 veni-t
987 1239 1048 1310 tud
1074 1253 1182 1334 caput
1196 1241 1305 1313 dabit

286 1353 325 1423 in
341 1355 591 1450 suspicionum
606 1357 719 1426 libris.
917 1437 924 1444 ¹
1209 1356 1211 1360 ’

291 1483 295 1502 ·
320 1459 590 1558 1(111111111111111,
607 1469 657 1536 mi
672 1462 943 1562 Wyttenhachi‚
961 1467 1193 1560 si‘Ultrajecti
1208 1468 1304 1536 reli-

283 1581 445 1674 quisses,
463 1580 561 1650 haud
577 1580 650 1653 scio
666 1633 676 1670 ‚
692 1605 739 1649 an
755 1581 833 1673 ejus
849 1581 1047 1650 rationibus
1061 1581 1187 1650 melius
1207 1603 1302 1650 con—

283 1807 449 1901 proficiet
467 1807 649 1902 ingenium
665 1819 737 1877 tam
753 1809 895 1877 tardum
911 1819 945 1876 et
964 1819 1016 1876 tot
1039 1806 1301 1900 praejudicatis

166 1961 169 1970 «
255 1943 256 1948 ’
287 1919 516 2013 opinionibus
538 1921 728 1990 imbutum.
757 1920 950 2013 Quaerenti
977 1919 1089 2008 mihi,
1107 1943 1154 1988 an
1169 1919 1301 1990 Latine

287 2033 418 2123 sciret,
444 2046 583 2104 tantum
609 2060 646 2105 se
673 2035 784 2124 scire,
809 2022 986 2134 quantum
1010 2032 1184 2127 Theologo
1210 2033 1300 2102 satis

286 2159 395 2237 esset,
413 2148 607 2242 respondit.
624 2147 732 2216 Venit
749 2160 868 2216 tamen
884 2146 940 2216 bis
955 2147 1072 2236 terve,
1090 2137 1136 2215 ut
1151 2170 1207 2216 me
1223 2146 1302 2215 La-

284 2259 381 2328 tinos
399 2261 586 2354 scriptores
602 2261 896 2354 interpretantem
912 2261 1061 2329 audiret.
1079 2259 1148 2329 Sed
1163 2273 1245 2329 cum
1262 2261 1300 2328 ei

169 2419 170 2422 κ
281 2371 517 2443 ‘latinitatem
538 2373 643 2441 nimis
667 2373 845 2443 subtiliter
867 2373 1041 2467 explicare
1061 2363 1217 2462 viderer,
1234 2360 1300 2442 re-

287 2486 372 2555 tulit
388 2487 534 2581 pedem,
548 2498 583 2555 et
600 2511 636 2555 se
652 2486 697 2557 ad
712 2486 941 2580 Theologicae
957 2486 1157 2556 Latinitatis
1174 2487 1298 2556 sordes

288 2599 437 2691 redegit.¹
719 2581 722 2588 ¹
842 2676 844 2680 ¹
912 2591 913 2594 ¹

334 2710 528 2780 -Bosch‘ium
542 2717 621 2779 meo
637 2711 781 2781 nomine
798 2714 942 2803 salutes,
955 2713 1156 2808 excitesque
1167 2713 1213 2783 ad
1226 2715 1301 2782 ali-

292 2824 391 2919 quod
412 2822 546 2917 ingenii
572 2822 830 2895 monimentum
855 2826 1089 2898 condendum.
1117 2827 1302 2896 Temmin—

291 2937 413 3006 ckium
436 2933 572 3012 Graece
596 2937 706 3029 scire,
726 2951 788 3008 aut
808 2940 952 3009 omnino
971 2965 1060 3030 esse,
1082 2940 1298 3010 nesciebam.

289 3049 405 3143 Quem
415 3049 450 3120 ,si
465 3074 576 3139 amas,
589 3051 635 3120 ab
649 3051 790 3125 Erotico
803 3055 975 3148 scriptore
986 3054 1148 3124 traduces
1159 3053 1206 3123 ad
1216 3052 1303 3132 An-

290 3147 471 3254 docidem,
495 3162 775 3257 Antiphontem,
800 3167 1009 3257 Isocratem,
1034 3180 1096 3237 aut
1124 3167 1299 3260 similem,

290 3264 452 3348 Atticum
475 3276 694 3372 scriptorem.
709 3279 897 3348 ¹Habemus
913 3281 1191 3372 pulcherrimam
1211 3280 1303 3349 His-

289 3391 401 3476 toriae
426 3388 583 3464 Graecac
605 3391 749 3480 seriem,
770 3391 1008 3483 Herodotum,
1032 3393 1300 3487 Thucydidem,

287 3503 562 3598 Xenophontem
574 3557 589 3595 ‚.
611 3503 816 3573 ¹Diodorum
842 3503 1021 3597 Siculum,
1051 3506 1301 3586 Plutarchum.

191 3667 195 3680 ,
289 3617 320 3689 Ε
337 3617 468 3712 quihus
485 3642 566 3687 cum
588 3629 628 3686 tu
643 3617 875 3688 Plutarchum
891 3643 1011 3709 ornes,
1033 3620 1120 3688 alios
1137 3621 1306 3703 ornarint

258 3709 266 3724 N
290 3730 374 3821 alii,
400 3742 513 3800 sumat
529 3731 590 3798 ille
607 3729 696 3829 sihi,
711 3715 752 3799 ”si
775 3751 902 3826 operae
924 3733 1081 3827 pretium
1097 3732 1213 3803 facere
1235 3759 1306 3805 ve-

290 3842 355 3931 lit,
381 3839 628 3936 Xenophontis
641 3841 807 3916 Ἑλληνικαὶ
821 3847 1039 3940 expolienda.
1258 3917 1260 3920 .

289 3995 293 4002 -κ
338 3953 850 4054 Wagnerituilibellumvidi‚
869 3941 1204 4056 1111111111,
1219 3974 1306 4037 tum
