2728 4558
516 407 637 512 (23)

45 559 174 654 xiquod
189 558 337 652 jejunus
352 573 387 630 et
399 562 547 654 puerilis
559 574 626 652 est,
640 575 716 636 tum
728 561 827 654 quod
836 560 965 654 plenus
978 558 1078 658 foedi
1186 585 1194 620 ·.

69 686 108 742 et
125 673 296 767 pudenda
311 674 475 744 adversus
493 675 672 745 Klotzium
689 675 902 744 adulatione.
925 673 970 745 0!
990 674 1081 754 stul,-

69 798 154 854 tum
167 786 359 878 juvenem,
377 781 502 880 cujus,
527 790 566 858 in
580 789 666 883 ipsis
682 788 794 857 famae
811 786 997 880 auspiciis,
1022 786 1081 854 ni-

70 899 131 966 hil
148 897 279 1000 refert,
301 900 491 970 dummodo
502 903 566 971 uui
584 902 728 971 indocto
742 900 912 970 nebuloni
922 901 1080 994 placeat,
1113 897 1115 902 ’

70 1011 255 1105 quicquid
277 1025 330 1082 est
351 1013 570 1108 eruditorum
594 1027 628 1084 et
641 1009 1082 1112 ¹honestorumhominum

69 1124 269 1194 offendere.

107 1237 344 1332 ,Musgravius
370 1251 490 1310 noster
511 1239 719 1333 Euripidem
743 1245 846 1308 suum
867 1238 1082 1309 Academiae

70 1350 269 1428 Oxoniensi
281 1353 522 1434 excudendum
534 1353 649 1446 dedit,
663 1353 777 1436 ferens
790 1353 988 1446 praemium
1004 1353 1080 1420 inu·
1132 1436 1135 1441 Ι

71 1464 240 1553 sitatum‚
259 1477 353 1534 certe
369 1466 468 1560 apud
478 1465 625 1535 Batavos
633 1479 672 1535 'et
684 1462 897 1555 Germanos,
916 1490 973 1536 sex
982 1465 1081 1534 mille

69 1575 302 1647 florenorum.
458 1571 460 1578 ¹

121 1687 217 1759 Uxor
231 1713 309 1758 mea
325 1702 407 1783 post
422 1690 554 1779 diram,
576 1691 649 1784 qud
664 1689 864 1780 infestatam
888 1692 972 1780 scis,
996 1715 1080 1784 apo·

69 1802 227 1895 plexi‘am
242 1802 413 1872 hactenus
429 1804 575 1895 quidem
592 1804 794 1892 convaluit,
818 1815 860 1872 ut
877 1827 1017 1898 surgere
1034 1804 1078 1873 de

67 1915 185 2004 lecto,
209 1927 244 1984 ct
264 1915 304 1984 in
327 1915 492 1986 cubiculo
515 1917 696 1985 ambulare
719 1916 849 2009 possit,
870 1917 932 1986 sed
949 1941 1079 1986 memo·

67 2028 162 2095 riam
172 2039 207 2095 et
219 2027 361 2121 linguae
372 2052 476 2097 usum
492 2028 651 2096 nondum
666 2028 899 2120 recuperavit.
913 2027 1077 2118 Filiolae,
1104 2022 1106 2026 ’

66 2139 268 2248 unicumin
279 2153 331 2209 tot
342 2140 443 2208 malis
457 2141 639 2230 solatium,
649 2153 743 2210 recte
754 2141 883 2210 valent.
895 2140 988 2209 Ama
1001 2164 1074 2228 me,
1085 2202 1087 2205 .

68 2253 204 2346 optime
221 2252 498 2346 Wyttenbachi„
522 2265 557 2322 et
577 2254 668 2322 vale.
687 2253 776 2322 Dab.
799 2252 978 2322 Leidae'a.
1000 2249 1077 2322 dl}

69 2365 237 2434 Februar.
261 2359 365 2432 1772.

77 2557 1061 2596 W

210 2721 215 2732 ·
255 2647 893 2809 wirra'assacmo-suo
948 2657 949 2660 Ὺ

503 2896 530 2938 s.
554 2895 583 2938 r.
602 2897 641 2959 o.
727 2937 732 2944 .

348 3052 459 3124 uav.
486 2997 794 3126 auuruimms'.

54 3238 130 3338 'Ex
152 3268 336 3360 Santenio‚
363 3269 512 3354 feliciter
534 3271 680 3361 reduce,
703 3285 738 3343 te
757 3256 902 3366 duplice
921 3277 1073 3355 tertiana

70 3384 219 3472 tentari,
240 3385 400 3478 cognovit
416 3384 514 3477 Quae
530 3408 604 3475 res,
621 3397 694 3454 tam
710 3387 857 3455 adversa
875 3387 1071 3458 rationibus

69 3496 160 3584 tuis,
178 3496 267 3565 mihi
283 3521 356 3565 non
370 3497 584 3568 mediocrem
595 3496 791 3566 molestiam
803 3497 990 3568 offerebat.
1004 3488 1079 3594 Sed,

8 3631 9 3684 3
70 3623 191 3679 tamen
207 3610 481 3680 sollicitudinem
496 3601 695 3701 minuebat,
713 3611 810 3704 quod
827 3636 868 3681 ex
883 3608 1005 3682 eodem
1015 3614 1088 3710 lin-⁴

70 3723 207 3812 tellam,
225 3735 260 3792 te
273 3723 346 3793 sive
367 3748 467 3812 casu,
481 3723 553 3793 sive
568 3725 719 3794 aliorum
732 3725 886 3794 consiliis
897 3725 1072 3814 Medicum
1243 3751 1245 3758 ’

8 3935 9 3940 ¹
71 3836 273 3906 adhibuisse
292 3837 473 3926 Lorrium,
493 3861 583 3930 quo,
601 3850 641 3907 ut
661 3829 773 3944 nostri
787 3837 991 3932 Aesculapii
1008 3839 1073 3932 ju-

72 3950 210 4046 dicant,
236 3943 387 4023 Parisini
410 3973 484 4021 non
508 3951 640 4022 habent
660 3951 833 4023 Medicum
853 3952 1074 4050 peritiorem.
