2728 4558
748 348 873 450 (⁶⁰)

315 492 487 570 sententia
503 492 569 568 tibi
585 495 733 604 dicenda
749 499 815 568 erit
831 499 875 569 de
893 497 985 569 libro
1001 498 1127 570 eximio
1143 511 1188 570 et
1195 514 1329 596 paene

315 611 446 704 scripto
464 610 507 680 ad
522 611 634 702 legem
650 621 804 679 nostram
812 609 974 704 ,Ignatii
989 611 1105 681 Rossii
1121 611 1327 686 Commen—

312 723 504 792 tationibus
531 721 745 810 Laertianis,
773 711 904 792 Romae
934 717 1044 813 1788,
1073 720 1179 794 8.-
1155 725 1326 818 -Quod

313 835 451 924 scribis,
464 846 499 903 te
511 833 655 903 fortasse
666 846 832 904 aestatem
840 834 937 929 apud
947 859 1011 908 nos
1024 850 1321 930 consumturum,

310 948 403 1017 nihil
418 947 519 1015 nobis
535 947 692 1015 accidere
710 959 826 1040 potest
845 949 1012 1041 optatius.
1030 949 1108 1018 Eris
1124 950 1203 1040 hic,
1224 964 1325 1021 tam-

312 1083 421 1154 quam
451 1059 546 1144 domi
576 1071 669 1128 tuac.
696 1061 847 1153 Tempus
877 1061 1092 1130 matutinum
1117 1062 1323 1134 Plutarcho

313 1173 430 1262 dabis,
453 1172 737 1266 pomeridianum
759 1173 868 1241 animi
890 1174 1096 1242 remissioni.
1121 1175 1322 1260 Valetudi-

311 1310 392 1354 nem
407 1298 505 1354 tuam
520 1297 580 1353 aut
593 1287 730 1354 coelum
741 1285 927 1373 Leidense,
945 1297 1006 1353 aut
1017 1286 1189 1355 Paradisii
1203 1291 1322 1381 pyxi-

311 1399 372 1469 des
393 1398 663 1466 confirmabunt.
686 1397 780 1465 Cista
800 1421 945 1489 quoque
964 1397 1137 1466 librorum
1156 1398 1201 1468 ad
1220 1400 1320 1471 Plu-

308 1509 471 1576 tarchum
485 1507 761 1601 pertinentium,
787 1508 862 1576 sine
884 1510 1010 1602 magud
1031 1510 1209 1604 impensd,
1234 1513 1320 1583 huc

308 1633 405 1688 trans
407 1619 548 1688 l.eretur
576 1609 833 1711 Quamobrem,
863 1621 892 1688 si
918 1645 974 1690 me
1001 1646 1095 1691 amas
1123 1635 1157 1692 et
1186 1649 1320 1698 carum

308 1733 430 1821 habeS,
443 1733 514 1800 huc
526 1733 591 1800 sub
602 1733 823 1802 vacationum
834 1733 976 1802 initium
986 1736 1210 1828 properabis,
1226 1739 1317 1808 aliis

285 1837 289 1846 ’
310 1845 482 1932 consiliis,
496 1869 588 1938 quae
600 1857 635 1913 te
651 1846 890 1934 Eemnessam,
904 1858 966 1915 aut
982 1846 1132 1970 Parisios
1144 1849 1315 1942 trahant,

309 1958 516 2052 repudiatis.

247 2117 248 2120 =
353 2071 406 2140 Ile
416 2071 641 2140 Varrantrbus
653 2070 834 2140 Plutarchi
846 2082 1035 2140 statueram
1046 2071 1091 2140 ad
1102 2072 1313 2146 Schowrum

311 2185 472 2258 scribere.
486 2184 554 2252 Sed
566 2207 645 2252 cum
663 2184 806 2272 scirem,
819 2207 892 2251 non
909 2207 1012 2252 canes
1023 2208 1041 2252 e
1053 2184 1131 2280 Nilo
1144 2186 1316 2258 bibentes
1353 2243 1354 2250 ,

308 2282 418 2390 magis
441 2296 626 2385 festinare,
650 2321 759 2388 qrram
783 2296 1061 2390 peregrinaturos
1087 2295 1313 2391 Germanos,

309 2411 419 2481 malui
445 2409 512 2479 hoc
538 2408 719 2502 negotium
744 2409 910 2477 mandare
938 2409 1093 2503 Josepho
1125 2410 1314 2503 Spaletto,
1352 2417 1353 2424 ’

187 2592 191 2600 ,
310 2547 448 2618 semper
461 2523 597 2602 Romae
608 2522 765 2614 degenti,
782 2521 989 2615 praesertim
1009 2523 1093 2590 cum'
1108 2536 1316 2594 accuratam

310 2635 522 2705 industriam
536 2658 634 2703 suam
649 2635 688 2702 in
704 2633 928 2728 excerpendis
943 2632 1103 2728 Appiani
1119 2648 1153 2704 et
1170 2636 1315 2730 Polybii

308 2749 537 2820 ‚Variantibus
546 2746 873 2841 Schweighaeusero
880 2748 1104 2817 vehementer
1111 2749 1313 2842 probasset.

312 2863 427 2934 Abeo
444 2885 650 2957 responsum
671 2873 843 2955 exspecto.
861 2900 908 2912 -
926 2860 972 2928 In
986 2860 1205 2930 Bibliotheca
1226 2861 1317 2932 Lei-

312 2977 412 3046 densi
423 2988 475 3045 est
487 2975 593 3046 editio
605 2975 709 3043 basil.
726 2974 887 3042 Vitarum
903 2971 948 3042 A.
965 2969 1056 3041 1542
1073 2985 1107 3041 et
1123 2973 1315 3045 Moralium

210 3105 214 3112 '
313 3087 359 3158 A.
385 3085 488 3156 1560.
512 3087 603 3156 Vide
627 3087 752 3180 igitur,
775 3109 1003 3165 nanumerus
1029 3082 1172 3154 156201
1197 3081 1313 3176 1574,

203 3289 206 3300 ,
315 3224 423 3294 quem
444 3199 482 3268 in
505 3198 654 3293 epistola
676 3198 736 3267 tufi
758 3195 885 3292 ponis,
909 3197 1088 3292 profectus
1112 3198 1200 3266 sita
1225 3201 1316 3269 nota

314 3312 436 3384 fraude
450 3311 735 3405 bibliopolarum.
749 3311 850 3382 Certe
865 3335 938 3380 non
953 3323 1004 3381 est
1020 3311 1205 3399 credibile,
1222 3311 1316 3380 Plu-
1334 3381 1337 3388 Δ

310 3425 429 3496 tarchi
449 3424 618 3494 editiones
634 3424 788 3493 Basileae
809 3436 881 3492 tam
896 3424 1020 3518 paucis
1040 3424 1141 3492 annis
1159 3447 1233 3492 esse
1254 3449 1316 3494 re-

315 3538 456 3636 petitas.
480 3577 528 3590 -·-
556 3537 789 3624 Woordium,
817 3560 924 3628 quem
949 3536 1041 3604 mihi
1069 3537 1313 3628 commendas,

316 3673 512 3742 numquam
531 3649 616 3718 vidi.
640 3649 712 3718 Nec
731 3648 873 3738 dubito,
897 3648 1081 3742 quiajam
1102 3649 1315 3743 depravatus

318 3763 363 3832 sit
380 3787 401 3832 a
418 3761 733 3850 commilitonibus,
753 3761 998 3854 abductusque
1013 3761 1069 3830 vel
1090 3760 1135 3830 ad
1150 3757 1315 3834 Pcs'telia-

319 3869 383 3944 nas
397 3874 442 3943 dc
456 3873 541 3942 Jure
558 3871 733 3966 Naturali,
750 3874 807 3945 vel
821 3874 867 3945 ad
876 3872 1171 3970 Wynperssianas
1187 3873 1231 3944 de
1246 3873 1313 3946 Me-
