2728 4558
501 361 625 462 (29)

245 683 738 764 WYTTENBACHIO
774 687 881 760 SUO

493 879 520 923 8.
545 879 574 922 Ρ.
600 881 632 923 1).

319 1032 451 1120 ¹DAV.
477 1033 786 1112 nUffliKENIUS.

56 1203 159 1308 Non
171 1235 457 1329 dubitare,qnin
468 1235 752 1329 adrentustuus,
767 1237 839 1310 sive
855 1235 894 1306 in
910 1231 975 1328 20,
991 1238 1066 1310 sive
1100 1263 1102 1267 ’

57 1351 100 1421 in
112 1345 161 1418 27
172 1349 283 1450 hujus
299 1349 428 1420 mensis
444 1347 599 1440 incidat,
611 1348 701 1421 mihi
720 1362 761 1420 ut
776 1347 913 1422 dudum
929 1372 1066 1448 exspec-

56 1476 175 1554 tatus,
189 1462 239 1532 sic
252 1461 497 1556 perjucundus
509 1461 555 1532 sit
567 1460 719 1533 futurus.
732 1462 889 1535 Exclusis
901 1462 1068 1562 interpel·
1158 1465 1164 1476 “

56 1576 253 1665 latoribus,
267 1587 363 1646 totus
376 1574 545 1648 seimonis
561 1567 616 1645 t'ui
627 1575 792 1647 suavitati
803 1576 953 1670 vacabo,
969 1601 1068 1676 prae

57 1689 185 1762 sertim
201 1713 283 1762 eum
298 1701 396 1760 tanta
411 1689 458 1760 sit
467 1688 515 1760 ad
526 1687 825 1766 confabulandum
836 1689 1015 1779 materies,-
1027 1702 1069 1761 nt

55 1827 106 1872 ne
117 1802 228 1876 biduo
241 1801 574 1898 quidemexhauriri
582 1802 706 1896 possit.
717 1802 855 1874 Vellem
865 1801 1068 1878 Germanici
1193 1843 1195 1850 ,

56 1916 202 1990 itineris
217 1915 393 1988 ‘comitem
429 1915 585 1986 traheres
617 1908 825 2008 Euripidem
856 1915 1066 2012 Musgravii,

56 2052 304 2130 quemnuper
319 2028 460 2123 accepi,
479 2028 630 2122 ejusque
647 2028 907 2118 recensionem,
932 2029 1070 2100 Biblin-

56 2144 188 2216 thecae
208 2141 306 2238 parti
318 2153 475 2238 ,qimrtae
493 2140 731 2230 inferendam,
750 2165 817 2236 ¹per
839 2142 952 2216 atium
975 2141 1070 2214 Mar-

56 2279 240 2354 purgense
256 2255 459 2326 conficeres.
477 2254 546 2326 Sed
568 2254 663 2326 idem
686 2278 827 2344 vereor,
851 2267 892 2326 ut
913 2267 1070 2349 quatuor

59 2370 177 2464 spissa
196 2368 378 2440 volumina
401 2368 664 2438 accommodata
684 2368 755 2439 sint
777 2368 845 2439 iter
866 2369 1070 2466 expeditum

60 2481 221 2552 facienti.
246 2481 358 2571 Vale,
379 2481 434 2552 vir
461 2481 693 2570 amicissime,
718 2493 782 2584 et,
800 2482 839 2552 ni
866 2506 969 2579 grave
993 2493 1084 2577 est,

60 2593 251 2692 Tyrwhitti
271 2595 438 2666 libellum·
451 2606 486 2663 et
502 2593 690 2664 Faeniolati
712 2593 878 2687 Logiram
900 2587 990 2668 mihi
1012 2605 1072 2668 re*

60 2721 180 2805 ports.
194 2707 286 2780 Bab.
305 2708 433 2780 Leidae
447 2733 481 2778 a.
500 2708 535 2778 d.
556 2701 828 2778 14Junii1778.
1088 2735 1090 2740 ·

58 2880 1092 2936 w.

244 3027 746 3105 -WYTTENBACHIO
779 3025 889 3102 SUO

346 3239 349 3248 ·
496 3222 523 3265 8.
551 3221 580 3264 P·
608 3223 641 3265 1).

186 3337 189 3351 ’
225 3386 228 3396 ·
348 3379 459 3454 nav.
486 3330 793 3454 amiserim.

65 3537 273 3657 Sannina,
293 3565 471 3654 futurum,
490 3577 531 3633 ut
553 3588 619 3657 per
639 3560 788 3632 Leidanr
800 3558 844 3627 ad
864 3559 969 3628 Lares
993 3570 1073 3628 tuos

64 3683 212 3752 redires.
229 3659 299 3750 s'ed
315 3679 459 3775 quando
474 3678 537 3746 illa
554 3701 633 3771 spes
649 3699 706 3744 me
715 3671 862 3764 fefellit,
874 3696 940 3767 per
951 3671 1072 3740 literas

67 3791 187 3867 tecum
202 3819 314 3890 agam.
329 3789 578 3887 Scripsitmihi
591 3787 825 3880 Villoisonus,
844 3810 880 3855 se
893 3809 950 3856 sex
961 3784 1073 3878 Longi

67 3910 228 4007 exempla
257 3909 303 3981 ad
329 3931 386 3979 me
413 3905 566 3995 misisse,
599 3902 719 3975 amicis
752 3901 842 3988 suis,
871 3899 909 3969 in
941 3898 1072 3994 quihus
