2728 4558
520 417 534 513 (
559 415 642 516 2⁷)

74 551 354 632 commodatum.
367 563 418 633 Ne
435 561 649 635 Schultensii
661 563 806 658 quidem
822 563 948 633 lenitas
963 533 1081 634 homiss

72 676 131 746 nis
148 673 379 762 acrimoniam
395 675 485 748 serre
502 691 653 772 poterat.
725 709 727 714 ’
824 709 829 716 ·

123 789 230 879 Vale,
247 791 296 860 mi
315 789 580 884 Wyttonh'achi.
603 791 856 860 Hehenstreitii
871 791 1007 861 'librum
1022 791 1080 859 ad-

72 901 149 973 huc
171 902 300 973 frustra
315 928 461 997 quaero.
480 904 552 975 Ser.
571 903 699 974 Leidae
717 928 748 973 a.
769 899 872 973 1778.

72 1096 1074 1128 Μ

255 1239 748 1350 wrrrnuorcnro
784 1240 903 1312 suo.
939 1222 940 1226 ‘
1005 1283 1010 1294 -

452 1476 456 1482 .
510 1433 646 1478 S.1².n.

170 1569 172 1576 ’
276 1595 280 1606 ’
353 1561 464 1660 niv.
492 1591 800 1678 umuumms.

68 1769 114 1866 in
133 1797 265 1875 Tibulli
281 1773 556 1891 censuthquae
573 1799 645 1869 fere
667 1812 792 1893 parata
808 1769 878 1888 est-7,
903 1799 1080 1869 nondesi

68 1910 213 1980 derahis
228 1910 497 1981 humanitatem.
508 1911 730 2005 Quanquam
747 1913 917 2006 iniquitas
931 1913 1080 2006 Heynia·

37 2049 43 2064 ¹
68 2047 138 2113 na,
164 2047 257 2116 quae
279 2023 478 2094 deCritioai
497 2026 727 2114 Batavorum,
752 2037 923 2117 tanquam
938 2026 983 2094 de
1000 2029 1082 2094 lusu

66 2142 111 2206 iu
127 2137 242 2209 verbis
248 2189 263 2222 ,
281 2138 487 2208 contemtim
502 2131 683 2231 loquitur,
696 2138 802 2232 digna
817 2150 909 2227 erat,
925 2125 1018 2232 quae
1034 2138 1081 2206 le-

66 2251 167 2320 niter
201 2251 441 2346 castigaretur.
469 2251 659 2321 Boschiurn
688 2252 746 2321 vel
778 2250 945 2320 conviciis
974 2275 1078 2344 urge,
1119 2263 1120 2266 ’

67 2361 269 2454 insectare,
298 2376 339 2433 ut
367 2365 496 2453 fidem,
524 2389 633 2457 quam
665 2364 755 2432 mihi
786 2363 906 2453 dedit,
938 2364 1077 2433 liberet.
1179 2363 1180 2368 ’

68 2476 242 2546 Matthaei
272 2477 485 2547 liberalitate
519 2477 596 2569 jam
629 2490 731 2547 teneo
763 2490 877 2546 totum
909 2477 1080 2571 hymnum
1140 2529 1142 2535 .

69 2565 316 2660 Homericum
334 2615 414 2660 cum
447 2590 665 2660 variantibus
704 2591 742 2658 in
775 2590 886 2660 editos
918 2590 1077 2684 hymnos,

69 2704 297 2774 Praeclarum
314 2729 479 2794 carmen,
496 2729 561 2774 nec
578 2705 685 2774 valde
696 2705 861 2775 vitiatum
876 2729 898 2772 a
913 2704 1078 2774 librariis.

69 2818 152 2888 Uno
167 2830 287 2886 tamen
301 2819 380 2887 loco
398 2832 552 2911 quatuor
566 2842 733 2887 versuum
749 2818 876 2887 lacuna
893 2817 1026 2886 est-De
1044 2828 1080 2886 te

71 2931 124 3000 sic
140 2930 338 3000 Matthaeus
355 2932 395 3000 in
411 2932 524 3001 literis
540 2931 586 3028 ad
601 2955 657 3006 me
674 2931 766 3000 datis
783 2956 790 2999 :
810 2930 1080 3025 Wytterrhachii
1121 2937 1122 2940 ’

69 3043 163 3112 mihi
179 3044 316 3126 dudum
331 3057 416 3114 nota
431 3057 507 3114 erat
522 3044 701 3132 doctrina,
720 3068 836 3138 nuper
847 3045 954 3114 etiam
966 3056 1080 3113 totum

33 3185 43 3194 ·
72 3157 235 3227 animum
251 3157 328 3250 ejus
345 3183 386 3227 ex
400 3159 472 3228 una
487 3158 655 3252 epistola,
671 3157 746 3251 qua
757 3158 803 3227 ad
813 3182 928 3227 meam
940 3156 1081 3252 respon·

73 3271 200 3360 debat,
217 3271 341 3341 videor
355 3272 586 3366 perspexisse.
603 3271 714 3364 Spero
730 3250 835 3340 etiam
853 3270 944 3361 iore,
967 3272 996 3339 si
1012 3271 1081 3338 hoc

72 3384 260 3474 literarum
272 3386 523 3456 commercium
538 3386 631 3454 inter
646 3408 711 3452 nos
727 3383 939 3452 diuturnum
954 3383 1079 3473 fuerit,

72 3510 116 3566 ut
138 3497 168 3566 is
188 3497 382 3568 amicitiam
403 3522 520 3587 suam,
547 3497 762 3567 carissimam
787 3494 1079 3592 παρακαταθήκην,
1197 3506 1205 3514 “

72 3609 114 3680 in
137 3601 214 3704 q'ua
233 3610 413 3680 reddenda
427 3617 575 3700 tamen,
605 3608 767 3702 quamvis
790 3609 945 3698 amicus,
974 3610 1081 3696 fidem
1112 3667 1115 3672 .

73 3722 219 3813 fallam,
248 3725 346 3818 apud
372 3749 429 3793 me
459 3725 503 3793 sit
530 3722 766 3818 depositurus.
795 3722 974 3814 Hactenus
1006 3723 1078 3793 ille.

74 3836 181 3932 Quod
196 3862 260 3932 ego
276 3851 350 3909 tam
366 3851 510 3909 acutum
525 3839 583 3909 vix
600 3836 714 3931 capio.
732 3836 976 3908 Luchtmansii
987 3838 1081 3922 intra

76 3950 228 4025 biduum
243 3964 306 4025 aut
323 3952 482 4030 triduum
497 3951 732 4050 quadraginta
752 3951 910 4050 exempla
931 3951 1083 4046 Longini
