2728 4558
725 303 849 456 (³⁶)

1131 561 1300 576 m

469 621 961 750 WrrrnnuAcuio
996 673 1127 746 suo*

715 847 742 890 S.
767 846 796 888 P.
822 847 855 890 D.

523 953 530 968 '
562 985 672 1056 niv.
699 975 1007 1058 nuuunnuius.

82 1178 90 1189 '
285 1141 513 1268 Boussruoruu
536 1169 695 1240 Venetiis
722 1152 939 1256 discessisse,
964 1169 1004 1235 e'x
1027 1165 1215 1254 Villoisoni
1243 1167 1295 1235 ad

207 1321 209 1328 v
285 1285 490 1356 Sentenium
510 1283 622 1352 literis
642 1280 810 1352 intellexi.
836 1279 911 1348 sed'
926 1279 1113 1368 lllnraene,
1132 1303 1179 1348 an
1200 1279 1293 1348 alibi

282 1421 380 1468 nuno
405 1408 584 1485 versetur,
607 1394 737 1464 nescio.
762 1393 814 1462 Tu
839 1393 942 1461 illum
966 1391 1152 1461 certiorem
1180 1390 1292 1461 lucios

280 1511 405 1599 velim,
431 1533 513 1582 esse,
529 1508 657 1577 Lcidae
676 1507 846 1598 juvenem
870 1504 1063 1594 illustrem,
1090 1495 1136 1574 14
1154 1516 1216 1575 aut
1242 1504 1291 1575 15

280 1646 391 1692 annos
411 1633 554 1712 natum,
576 1619 678 1712 cujus
702 1619 818 1690 studia
837 1642 1025 1712 moresque
1049 1642 1186 1712 regere,
1207 1618 1293 1686 men
1346 1665 1355 1676 ·

187 1791 193 1804 .
281 1734 602 1824 commendatione,
625 1733 764 1829 possit:
791 1733 854 1802 sed
875 1756 965 1826 opus
988 1756 1063 1802 esse
1086 1732 1164 1824 ejus
1186 1755 1291 1826 prae-

158 1845 161 1849 ’
281 1850 411 1939 sentiri,
433 1849 603 1943 quoniam
618 1847 723 1942 pueri
748 1858 882 1916 tutores
900 1857 1048 1939 negant,
1071 1869 1107 1915 se
1124 1869 1205 1916 cum
1227 1845 1292 1914 ab·
1357 1845 1358 1930 j

281 1974 379 2032 sente
401 1973 436 2032 et
460 1961 581 2056 ignoto
602 1984 677 2030 rem
700 1970 953 2029 contracturos.
976 1958 1217 2048 lutheranae,
1240 1983 1291 2028 an
1357 1991 1358 2046 l

280 2075 503 2146 Reformatae
525 2064 696 2144 formulae
720 2073 765 2142 sit
772 2125 783 2162 ‚
807 2072 900 2142 nihil
924 2072 1089 2162 interest,
1113 2071 1290 2141 modone
1357 2051 1358 2118 l

128 2218 132 2222 “
226 2253 230 2261 ,
280 2175 324 2259 sit
345 2186 565 2258 Pontificius.
630 2273 634 2277 j

85 2299 90 2312 '
327 2301 520 2390 Mariamne
540 2323 619 2368 mea
638 2297 787 2367 Boschio
813 2310 934 2367 nostro
954 2297 1122 2367 maximus
1138 2321 1205 2392 pro
1225 2295 1290 2366 fla·

278 2416 373 2486 bello
386 2414 513 2510 gratias
529 2412 613 2506 agit.
627 2412 706 2483 Una
717 2412 870 2482 alterove
883 2411 1112 2505 reprehensio
1124 2435 1203 2480 mea
1213 2433 1289 2480 non

279 2529 385 2599 debet
412 2526 585 2622 impedire
611 2524 823 2613 Boschium‚
850 2525 1042 2618 quominus
1068 2524 1290 2620 elegantissi-

281 2664 381 2710 mum
398 2662 539 2708 carmen
555 2638 671 2707 edat·
727 2639 730 2646 “
1220 2651 1223 2654 ⁴

269 2830 289 2842 Μ
331 2755 442 2842 Uxor,
460 2761 576 2840 soror‘,
590 2761 624 2818 et
641 2748 736 2818 filiae
753 2762 789 2819 te
805 2751 937 2821 salvere
949 2747 1091 2843 jubent.
1109 2751 1214 2839 Vale,
1226 2776 1289 2846 op-

282 2867 368 2938 timc
386 2863 652 2960 Wytteubuchi.
670 2862 744 2932 Sor.
762 2863 909 2954 Leidae,
927 2864 962 2936 d.
981 2860 1027 2933 27
1043 2865 1161 2935 Martii
1182 2861 1287 2934 1783.

279 3054 1293 3098 Μ

197 3136 200 3142 ’
470 3170 961 3267 Wtrrnuuneuro
996 3173 1134 3254 suo*

656 3383 662 3392 .
716 3350 856 3395 situ.
987 3349 993 3358 '

465 3479 470 3487 ’
563 3492 674 3564 DAV.
700 3489 1009 3565 RUHNKENIUS.

284 3631 463 3733 Vnum
496 3659 544 3731 50
574 3631 792 3731 Ducatorum
824 3661 1041 3756 Blessingio‚
1075 3662 1290 3757 simulath

284 3777 357 3846 huc
368 3775 522 3863 venerit,
536 3774 702 3844 solvetur.
720 3774 771 3843 De
787 3773 866 3866 ejus
882 3775 1057 3844 solutione
1068 3775 1290 3870 Stutgurdiac

286 3886 447 3959 faciendo
463 3886 667 3982 Lcydanutu
682 3910 728 3960 uc
748 3888 966 3962 monendum
981 3889 1128 3983 quidem
1145 3891 1288 3984 putavi,
