2728 4558
690 276 877 446 Ι(18)

362 495 512 568 Criticus
529 495 675 590 quidam
698 495 789 566 inter
810 507 981 567 nostrates
1004 480 1200 589 Epistolam
1216 508 1314 568 tuam

314 610 480 682 Criticam
498 611 723 680 vehementer
742 611 886 704 prcb'at,
905 609 1079 680 sedidem
1096 610 1255 702 judicat,
1279 626 1315 682 te

311 747 385 794 non
401 725 483 794 satis
499 747 618 816 presse
635 723 835 792 observasse
850 721 998 816 vestigia
1015 705 1210 792 literarum.
1230 726 1314 819 Ipse

311 837 352 908 in
366 835 515 908 luticiani
529 835 612 905 Ver.
633 835 722 906 Hist.
749 837 785 925 I,
808 835 840 903 l.
859 834 943 928 legit
963 836 1104 931 λειπυρίᾳ
1119 837 1162 924 τῷ
1182 841 1311 933 πυρετῷ.

310 962 346 1020 et
368 947 642 1046 inlphilostrato
662 972 699 1042 p.
722 943 795 1016 889
815 947 1060 1042 ξυγγεγηρωκὸτι
1081 945 1135 1016 Jtoi
1151 947 1209 1037 ¹rrir
1231 951 1312 1022 νόσον

310 1063 353 1151 τᾷ
369 1060 526 1158 προσείπω.
545 1061 597 1132 lle
607 1062 727 1155 priore
740 1060 944 1152 conjecturd
955 1060 1081 1129 dubito
1095 1063 1312 1154 :posteriorc

307 1175 400 1247 nihil
411 1177 602 1245 venustius.
617 1174 685 1244 Sed
696 1175 740 1244 de
752 1174 807 1244 his
824 1173 976 1266 aliisque
987 1174 1108 1242 multis
1121 1176 1225 1244 rebus
1238 1199 1311 1246 non

306 1289 357 1358 ita
373 1290 486 1359 multo
501 1301 583 1382 post
600 1311 716 1356 coram
735 1285 1011 1356 confabulemur.
1033 1285 1121 1354 Sunt
1137 1287 1197 1356 hic
1210 1288 1311 1379 juve-

273 1449 276 1452 -
305 1425 368 1472 nes
383 1402 455 1470 duo
470 1399 642 1495 ingeniosi
661 1411 695 1468 et
710 1397 925 1492 pereruditi,
939 1398 1174 1492 Koppiersius
1190 1414 1225 1470 et
1241 1403 1310 1474 En-

305 1501 486 1602 schedius',
505 1513 570 1605 qui
585 1498 675 1580 miro
691 1511 744 1579 tui
768 1508 909 1580 ridendi
928 1510 1103 1580 desiderio
1127 1524 1306 1596 tenentur.

302 1625 462 1698 Alter'ex
477 1625 551 1714 his,
570 1648 651 1694 cum
669 1625 708 1691 in
726 1624 878 1692 relenta
896 1623 958 1713 sit,
978 1649 1097 1695 meum
1118 1627 1307 1699 consilium
1350 1687 1351 1694 ,

295 1726 460 1828 secutus,
479 1761 599 1806 omnes
614 1737 778 1831 Europae
794 1737 1049 1828 Bibliothecas,
1066 1739 1181 1833 ipsam
1196 1741 1306 1810 etiam

301 1852 572 1940 Scorialensem,
590 1851 741 1922 lustrare
758 1849 953 1919 constituit.
1349 1867 1351 1938 t

294 2021 297 2031 χ
347 1966 391 2035 In
402 1965 513 2058 patris
525 1962 719 2052 tuiliteriS,
731 1962 1006 2056 prudentissime
1019 1964 1180 2059 scriptis,
1193 1949 1304 2057 nihil,
1350 1939 1351 2010 i

298 2078 396 2172 quod
423 2102 480 2146 me
507 2076 721 2164 offenderet,
750 2074 878 2168 reperi.
904 2075 955 2144 Tu
981 2075 1098 2146 virum
1124 2079 1304 2172 egregium

296 2191 383 2263 meis
398 2190 514 2260 verbis
532 2188 711 2258 salutabis.
731 2187 885 2256 Salutem
899 2188 964 2258 tibi
983 2189 1141 2284 impertit
1153 2191 1303 2262 Valcke

295 2303 458 2391 noerius,
473 2301 631 2396 proxime
649 2300 761 2370 literis
783 2300 853 2369 tuis
876 2301 1138 2372 humanissimis
1158 2291 1302 2398 respon:

296 2441 410 2494 surus.
423 2416 527 2503 Vale,
541 2413 591 2480 mi
604 2413 738 2507 optime
749 2412 1021 2506 Wyttenbachi,
1035 2427 1069 2484 et
1081 2417 1195 2506 brevi,
1210 2420 1302 2512 quid
1329 2461 1332 2466 ·

296 2529 425 2602 Codice
441 2527 649 2621 Augustano
668 2526 908 2615 contincatur,
927 2527 972 2595 ad
987 2551 1043 2597 me
1054 2530 1247 2622 perscribe.
1269 2533 1301 2600 Α

295 2665 370 2729 me,
389 2641 602 2732 simulatque
620 2639 706 2707 certi
723 2638 872 2732 quidde
889 2658 927 2708 re
944 2641 1005 2708 tud
1026 2639 1239 2734 cognovero,
1261 2645 1302 2714 li-

295 2767 387 2822 teras
399 2751 560 2846 habebis,
571 2751 706 2820 Dabam
717 2750 864 2841 Leidae,
877 2776 909 2820 a.
923 2752 957 2821 d.
972 2750 1019 2822 30
1031 2753 1175 2824 Octobr.
1192 2751 1299 2826 1769.

591 3078 671 3123 vmo
695 3079 1007 3144 rnnesrmussmo,

467 3187 595 3259 osu.
633 3156 1123 3265 wirrenclcuro

729 3346 755 3389 S.
780 3346 809 3388 1³.
834 3347 867 3390 n.

573 3463 684 3533 DAV.
711 3459 1019 3541 RUHNKENIUS.

296 3627 409 3724 Arne
422 3673 462 3717 ex
473 3647 551 3716 aliis
564 3645 831 3738 occupationes,
844 3649 1052 3739 praesertim
1067 3650 1296 3743 domesticae,

294 3785 448 3857 quarum
471 3759 591 3828 caussd
614 3745 728 3853 prope
751 3759 927 3854 integrum
950 3749 1105 3832 mensem
1135 3766 1181 3836 ab
1198 3769 1297 3843 urbe
1342 3775 1343 3863 t

294 3875 411 3964 ablui,
429 3895 568 3942 omnem
583 3871 671 3941 mihi
688 3872 733 3941 ad
748 3884 783 3944 te
807 3873 981 3945 scribendi
1006 3874 1207 3952 facultatem
1232 3879 1296 3948 cri·
1341 3937 1342 3950 ,
