2728 4558
733 407 833 513 (²¹)

281 567 348 638 mis
372 564 522 664 demisse
549 561 678 633 sentire
703 562 834 632 videris
849 593 850 598 ¹
865 562 909 630 de
934 560 996 632 tud
1022 560 1061 632 in
1087 559 1142 632 his
1169 561 1282 633 literis

280 681 457 754 facultate.
474 677 608 748 Verum
625 675 730 765 scias,
749 675 847 769 quod
861 673 1102 768 Quintilianus
1117 675 1155 744 in
1173 675 1281 750 simili

279 820 319 866 re
329 793 484 880 dicebat,
497 813 580 860 eum
590 789 629 859 in
640 786 785 862 Graecis
793 789 905 860 literis
913 791 1065 882 multum
1072 788 1280 883 proiecisse,

280 909 338 979 cui
352 908 453 979 Plato
470 903 571 974 valde
594 904 744 999 placeat.
767 902 967 993 lulianum,
992 913 1198 996 ceterosque
1222 903 1280 974 So·

277 1022 414 1118 phistas
430 1029 635 1106 contemno,
653 1015 682 1087 si
703 1038 785 1086 cum
806 1016 971 1106 Platone,
989 1016 1225 1111 Xenophonte
1242 1029 1280 1088 et

278 1134 515 1206 Demosthene
537 1140 808 1224 comparentur,
830 1151 949 1223 neque
975 1129 1015 1200 in
1038 1129 1119 1200 illis
1133 1130 1279 1201 edendis

276 1247 434 1340 studium
450 1229 614 1315 collocari
629 1244 725 1334 voto,
738 1243 823 1314 dum
837 1254 991 1334 tantum,
1004 1242 1104 1337 quod
1113 1267 1276 1338 agamus,

275 1363 316 1431 in
331 1360 401 1430 illis
419 1357 586 1428 heroibus
605 1355 769 1449 supersit.
787 1354 1027 1450 Caeteroquin
1041 1357 1119 1451 ipse
1130 1380 1278 1452 quoque

275 1473 456 1567 sophistas
466 1491 541 1540 non
551 1466 688 1562 vulgari
705 1467 889 1562 diligentia
904 1480 938 1538 et
949 1470 1047 1563 lego,
1061 1481 1096 1539 et
1108 1471 1276 1562 emendo,

273 1587 422 1657 Dionem
437 1580 602 1677 inprimis
618 1579 922 1676 Chrysostomum,
940 1606 1049 1676 quem
1058 1583 1218 1677 proxime
1229 1584 1277 1654 ad
1302 1677 1306 1684 A

271 1697 530 1770 Socraticorum
549 1692 802 1788 praestantiam
818 1696 1022 1785 accessisse,
1040 1695 1276 1796 Hemsterhu-
1316 1738 1318 1748 ,

270 1811 342 1882 sius
354 1808 540 1903 judicabat
559 1831 567 1876 :
588 1805 692 1899 cujus
708 1806 817 1879 studii
834 1808 981 1904 vestigia
995 1810 1109 1886 multa
1124 1809 1163 1880 in
1178 1809 1273 1882 notis

266 1924 313 1995 ad
330 1922 550 1996 Scholiasten
569 1919 727 1990 Platonis
749 1920 947 1991 exstabunt.
971 1920 1032 1992 Ab
1054 1921 1191 1994 edendo
1212 1921 1274 1994 Ju-

237 2037 243 2048 ’
264 2038 361 2108 liano
390 2059 432 2106 eo
458 2033 568 2128 magis
590 2044 626 2102 te
648 2033 835 2123 dehortor,
860 2034 959 2128 quod
980 2035 1020 2104 in
1036 2034 1142 2109 ¹tantd
1168 2035 1273 2130 copid

223 2209 225 2214 ,
265 2150 505 2243 exemplorum
522 2144 713 2242 superioris
729 2145 894 2218 editionis
910 2147 968 2216 vi'x
981 2147 1188 2238 librarium,
1206 2150 1272 2244 qui

264 2274 400 2350 sumtus
412 2259 526 2331 lacere
536 2258 640 2349 velit,
659 2257 870 2329 inventurus
880 2258 1045 2330 videaris.
1058 2259 1140 2330 Noli
1150 2272 1273 2332 nmen

264 2389 410 2473 putare,
428 2371 665 2444 eruditissime
679 2371 954 2467 Wyttenbaohi,
973 2373 1040 2443 tihi
1057 2373 1096 2442 in
1112 2397 1154 2443 eo
1166 2374 1272 2445 casti·

138 2557 147 2568 ,
264 2490 378 2586 gando
395 2510 536 2558 omnem
553 2509 699 2579 operam
715 2496 752 2555 et
773 2485 891 2555 oleum
913 2485 1072 2581 periisse.
1095 2486 1184 2556 Nam
1206 2487 1270 2557 illa

262 2602 382 2672 omnia
407 2600 453 2686 ad
476 2599 649 2693 quemvis.
663 2598 774 2668 alium
801 2599 1035 2693 scriptorem,
1065 2623 1174 2692 quem
1202 2601 1271 2670 tihi

165 2756 168 2764 ·
263 2711 463 2786 ornandum
479 2709 643 2782 sumseris
658 2764 671 2806 ,
689 2710 792 2780 facile
814 2712 997 2783 transferri
1016 2724 1178 2807 possunt.
1202 2713 1272 2784 Sed

262 2825 445 2898 haedere
463 2835 499 2893 ct
514 2823 560 2894 de
575 2822 697 2894 multis
713 2824 791 2895 aliis
808 2825 927 2916 brevi,
944 2837 986 2896 ut
1005 2849 1126 2921 spero,
1153 2849 1272 2898 coram
1347 2855 1348 2860 ¹

264 2938 544 3011 confabulemur.
571 2937 696 3026 Nunc,
723 2949 764 3006 ut
792 2937 990 3032 intelligas,
1008 2963 1080 3009 rne
1104 2939 1271 3010 libellum

265 3067 368 3124 tuum
389 3062 553 3121 accurate
573 3049 722 3144 legisse,
746 3051 791 3120 de
814 3051 1029 3145 conjecturis
1053 3052 1271 3147 quibusdam

265 3167 336 3236 tuis
352 3163 563 3235 sententiam
577 3183 692 3234 meam
708 3187 923 3259 expromam.

313 3278 396 3373 Pag.
416 3271 451 3347 7.
468 3273 536 3346 ottt
554 3273 648 3346 adeat
663 3279 825 3356 ,παντελεῖς
841 3275 920 3356 isser
937 3275 1062 3357 ὖπότῖῐς
1073 3278 1160 3356 ὅλως.
1173 3279 1271 3350 Bene

265 3390 422 3490 praefers
444 3389 615 3467 Codicum
631 3390 843 3484 scripturam
860 3390 954 3469 sinas.
972 3391 1040 3462 Sed
1055 3392 1156 3461 nulli
1169 3416 1272 3486 prae·

266 3520 363 3577 terea
388 3504 604 3575 correctione
629 3529 718 3598 opus
741 3515 805 3574 est.
826 3504 932 3600 χωρίον
951 3502 1004 3574 οὐκ
1024 3502 1089 3574 ἔστι
1112 3506 1273 3583 ameide

265 3615 327 3689 ὑπὸ
343 3618 398 3693 ric
418 3615 500 3693 εἴλης
519 3615 711 3710 significat,
730 3618 825 3686 locus
836 3643 904 3687 oon
916 3623 1174 3710 omniecporte
1186 3619 1275 3688 solis

189 3809 191 3816 y
264 3731 380 3802 rodite
391 3739 498 3822 potet.
516 3727 587 3822 Qui
604 3729 905 3800 commodissimus
924 3755 1044 3802 sensus
1063 3742 1126 3801 est.
1145 3801 1151 3804 ,
1203 3767 1207 3776 ·

275 3863 279 3868 ·
312 3841 556 3914 Pulcherrima
572 3828 654 3911 sunt
670 3843 803 3934 omnia,
817 3868 911 3940 quae
921 3869 963 3914 ex
973 3843 1274 3938 perennielegan-

265 3941 397 4029 tiorum
415 3954 531 4048 fonte,
548 3955 712 4047 Platone,
730 3956 870 4030 duxisti.
888 3958 994 4029 Hunc
1016 3983 1057 4031 ex
1070 3957 1274 4031 ttenexeno
