2728 4558
355 403 357 416 ,
393 333 398 342 ’
511 353 526 449 (
553 354 635 452 19)
737 365 739 370 ’

13 519 18 526 ·
70 511 243 596 puerunt.
261 497 351 568 Cum
368 497 509 570 tandem
526 501 581 570 his
598 501 767 574 molestiis
790 526 846 571 me
867 503 916 573 ita
933 505 1077 597 relaxas

72 625 226 725 sem,'ut
242 613 455 706 respondere
471 613 613 703 liceret,
631 639 730 704 eece,
753 617 937 713 opprimor
957 619 1078 689 alteris

65 729 189 798 ‘literis
205 728 293 816 tuis,
312 727 352 796 in
373 727 505 819 quibus
529 727 658 797 frustra
676 731 824 818 vereris,
844 754 889 800 ne
904 733 1044 810 animus
1059 757 1082 802 a

74 855 114 911 te
128 825 236 910 'meus
259 840 370 908 factus
395 839 440 908 sit
463 840 621 910 alienior.
646 841 734 919 Nam
757 867 874 936 neque
898 845 960 913 tua
977 845 1083 939 culpi
1121 818 1128 833 ⁸

75 954 330 1047 Augustanum
350 953 532 1046 negotium
554 954 600 1023 ad
622 955 764 1024 irritum
787 956 938 1046 cecidit,
966 981 1085 1051 neque

75 1092 142 1160 ego
155 1067 184 1135 is
198 1090 293 1154 sum,
315 1065 380 1158 qui
391 1064 563 1135 amicitias
576 1067 734 1136 utilitate
741 1069 878 1138 metiar.
892 1069 959 1138 Sed
975 1071 1087 1140 miror
1107 1140 1111 1144 .
1169 1123 1171 1128 .

75 1179 216 1273 lepidos
226 1179 305 1247 illos
313 1177 537 1271 Augustanos
544 1180 739 1271 ,qui,cum
750 1193 832 1250 ante
843 1182 960 1274 parati
971 1195 1087 1252 essent
1186 1173 1188 1176 ⁵

76 1293 246 1374 Codicem
269 1291 434 1360 suumin
460 1291 574 1384 ipsam
601 1292 781 1372 Bataviam
808 1294 971 1383 mittere,
989 1317 1087 1368 nunc

7 1449 13 1456 ·
76 1417 237 1475 metuere
261 1404 455 1498 incipiant,
477 1427 524 1472 ne
545 1405 584 1472 in
610 1404 777 1474 viciniam
799 1406 925 1484 missus
948 1387 1083 1502 pereat,

78 1519 229 1588 Interim
252 1517 330 1587 aliis
353 1517 464 1585 literis
487 1517 539 1603 Cl.
564 1518 785 1597 Bruckerum
812 1519 943 1589 iterum
966 1543 1090 1614 rogan·
1173 1591 1175 1595 .

78 1633 166 1722 dum
177 1631 318 1725 putavi,
331 1642 373 1698 ut
384 1629 594 1723 interpositi
604 1632 808 1701 mercatoris
821 1631 907 1722 fide,
921 1615 1097 1710 Codicem'
1126 1693 1131 1701 ,

77 1747 137 1815 vel
157 1745 204 1814 ad
225 1755 278 1833 te,
291 1745 360 1813 :vel
373 1744 424 1813 <ad
444 1743 485 1812 Cl
502 1797 510 1812 .
528 1744 713 1828 Reiskium
733 1745 862 1816 mittat.
886 1737 1028 1817 Stobaei
1043 1771 1091 1826 ne
1196 1747 1206 1808 Γ

77 1857 298 1926 mentionem
317 1855 464 1949 quidem
485 1856 573 1946 ieci,
598 1881 643 1925 ne
666 1881 757 1926 nova
776 1858 879 1927 nobis
898 1858 1090 1936 difficultas

77 1969 283 2063 objiciatur.
301 1969 347 2036 Et
366 1979 417 2038 est
434 1968 593 2059 ejusdem
610 1960 748 2037 Codicis
766 1969 926 2059 collatio,
944 1971 974 2038 si
994 1983 1091 2040 reete

76 2072 228 2151 narrant
236 2080 355 2169 amici,
369 2080 409 2148 in
419 2080 639 2149 Bibliotheca
649 2078 845 2168 Wolfiani,
868 2105 960 2172 quae
971 2105 1088 2174 nuper

77 2193 339 2288 Hamhurgensi
351 2193 496 2262 accessit
511 2217 518 2260 :
532 2193 643 2283 unde,
657 2190 739 2263 cum
751 2217 840 2287 opus
849 2191 971 2284 fuerit,
985 2194 1088 2264 Vale·

78 2308 270 2378 kenaerius
286 2318 406 2376 noster
424 2317 549 2374 sumet.

128 2420 235 2514 Quod
263 2414 431 2512 quaeris,
466 2419 520 2487 vir
553 2410 789 2504 amicissime,
820 2444 893 2512 quo
925 2430 1086 2513 tempore

78 2535 150 2605 tibi
166 2532 312 2603 Leidam
327 2531 542 2601 veniendum
558 2531 620 2621 sit,
645 2533 762 2600 venies
779 2531 923 2602 demum
938 2533 1004 2602 sub
1019 2533 1084 2634 ini3

78 2649 172 2718 tium
188 2646 423 2740 Septembris,
442 2645 471 2714 si
486 2669 580 2717 meas
597 2656 632 2713 et
648 2645 896 2715 Valckenaerii
913 2643 1085 2717 lectiones

77 2761 306 2856 frequentare
322 2759 420 2828 velis.
437 2758 526 2827 Nam
540 2758 734 2827 lectionum
750 2759 840 2829 ratio
857 2759 896 2826 in
910 2759 978 2828 hec
993 2759 1082 2829 Aca·
1141 2751 1144 2762 ’
1191 2805 1194 2816 ,

72 2873 196 2960 ,demisi
210 2873 389 2966 descripta
411 2883 463 2940 est
481 2871 548 2960 sic,
567 2881 607 2938 ut
628 2871 840 2950 inchoentur
858 2870 975 2940 medio
999 2871 1081 2967 Sep-

74 2987 224 3076 tembri,
249 2987 357 3055 finem
384 2985 534 3078 habeant
557 2983 673 3053 medio
698 2983 827 3052 Junio.'
842 2984 923 3052 Tres
942 3009 1080 3056 menses

73 3100 201 3170 aestivi
217 3099 407 3168 recreando
424 3097 635 3186 animo,·vel
650 3096 770 3164 itineri
785 3097 824 3164 in
838 3096 994 3184 vicinam
1008 3097 1080 3168 An·

75 3212 186 3307 gliam
210 3210 408 3284 Galliamve
431 3209 590 3279 iaciendo
607 3209 748 3279 dantur.
765 3208 881 3301 Quam
898 3222 1082 3280 consuetu·

74 3325 218 3414 dinem,
242 3307 501 3394 Professoribus
524 3322 831 3416 percommodum,
846 3323 910 3416 qui
930 3346 1004 3392 non
1013 3323 1082 3392 ad·
1137 3379 1160 3402 ,

72 3438 264 3509 sueti-sint
295 3437 451 3506 moribus
474 3435 625 3524 nostris,
654 3458 867 3528 magnopere
892 3434 1105 3503 mirantur..

72 3551 232 3622 Annona
247 3549 346 3644 apud
360 3573 424 3618 nos
440 3572 514 3633 non
529 3549 641 3618 multo
659 3546 771 3618 carior
788 3558 857 3634 est,
876 3569 984 3637 quam
1000 3546 1083 3640 Lip-

73 3663 169 3751 siae,
195 3673 257 3731 aut
272 3659 473 3754 Gottingae.
492 3658 694 3754 Oetingenti
709 3657 835 3746 floreni
857 3657 1081 3748 Hollandici,

73 3777 135 3846 vel
155 3771 223 3845 140
239 3775 368 3845 Ducati
384 3773 484 3842 aurei
501 3773 539 3843 in
560 3755 695 3841 sumtus
714 3795 854 3841 annuos
867 3771 1083 3846 suffecerint.
1115 3757 1117 3761 ⁸

74 3889 279 3986 ¹Spero,'me
291 3899 327 3958 et
338 3886 635 3968 Valckenaerium
647 3884 875 3975 effecturum,
893 3907 938 3954 ne
948 3896 1087 3978 patrem
