2728 4558
528 332 649 436 ro>

273 631 760 756 urrisusacruo
794 684 903 757 suo

519 869 546 914 S.
570 871 600 914 Ρ.
624 872 657 915 Β.

367 1025 477 1138 nav.
503 973 811 1122 nummulus,

3 1190 4 1230 F
87 1191 238 1292 Smne
252 1223 371 1292 locum
387 1224 558 1294 nonlicet
576 1225 773 1318 pleniorem
796 1225 1006 1296 describere.
1026 1228 1088 1299 Est

86 1334 186 1406 enim
205 1348 388 1429 excerptus
408 1361 427 1404 c
449 1337 577 1407 Codice
599 1338 690 1407 Bibl.
715 1338 945 1428 Meermanni,
970 1339 1089 1434 Hagae
1182 1413 1187 1420 x

86 1443 269 1518 Comitum
291 1461 502 1538 asservatae,
523 1473 604 1519 cum
628 1451 730 1541 cujus
753 1451 896 1520 domino
917 1452 963 1521 ob
987 1457 1115 1522 caus-'

86 1586 162 1649 sas,
182 1585 270 1653 quas
290 1561 447 1630 divinare
471 1561 572 1631 facile
589 1575 657 1651 est,
671 1561 748 1654 jam
763 1564 883 1635 nullus
899 1564 988 1633 mihi
1004 1589 1090 1634 usus

85 1673 287 1742 intercedit.
305 1673 391 1763 Sed,
409 1687 449 1744 ut
466 1675 673 1743 sententiam
690 1701 729 1745 ex
749 1676 909 1769 Ragolini
931 1674 1091 1748 versione
1110 1765 1112 1777 Ι

3 1797 4 1810 ’
87 1787 270 1880 suppleas,
289 1810 365 1856 eam
381 1810 421 1856 ex
436 1787 581 1880 publici
592 1788 811 1857 Bibliotheca
823 1799 993 1879 sumtum,
1011 1790 1090 1859 Plu-

85 1899 204 1967 tarchi
219 1897 340 1967 libello
351 1898 477 1988 adjeci.
491 1898 569 1967 Tibi
584 1924 668 1968 cura
678 1881 768 1989 verit,
779 1912 823 1968 ut
835 1901 890 1968 illi
905 1901 989 1970 libri
1006 1903 1090 1970 sarti

85 2011 247 2102 tectique
262 2008 410 2079 Leidam
425 2010 662 2079 remittantur.
1054 2099 1055 2102 Ἴ

135 2119 332 2192 IleRualdo
345 2123 436 2192 nihil
447 2123 537 2192 milri
547 2117 864 2218 constat-Velim
871 2124 971 2193 libris
980 2124 1026 2194 ad
1034 2149 1092 2195 me

88 2234 311 2314 remittendis
334 2235 506 2330 adjungas
528 2235 810 2330 Theologumena
833 2236 1090 2329 Arithmetica,

89 2359 127 2415 et
150 2347 437 2417 Dissertationem
459 2348 503 2416 de
524 2347 752 2438 Aristoxeno,
771 2348 873 2440 cujus
896 2345 1035 2442 auctor,
1056 2362 1093 2420 te

88 2484 164 2529 uno
179 2449 550 2553 patrono'contentus,
563 2485 619 2530 me
636 2474 671 2530 et
682 2461 768 2530 alios
786 2463 970 2530 contemsit
980 2460 1043 2558 (1).

141 2572 269 2643 Omnes
287 2574 358 2641 mei
380 2585 416 2642 te
433 2575 538 2642 etiam
554 2585 662 2666 atquc
677 2573 783 2643 etiam
802 2576 965 2644 salutant.
985 2575 1091 2667 Vale,

91 2685 227 2779 optime
242 2685 507 2781 Wyttenbachi:
526 2687 671 2776 Leidae,
689 2688 724 2757 d.
748 2684 798 2757 13⁴
810 2687 896 2757 Nor.
916 2684 1019 2757 1794.

127 2847 165 2915 (ι)
178 2847 222 2899 Me
233 2846 416 2900 Amstelodami
430 2864 482 2899 uno
492 2844 695 2918 Wyttenbachio
706 2847 829 2915 magistro
840 2855 989 2900 contentum
1000 2847 1092 2915 fuisse,

92 2931 123 2984 id
139 2932 204 2984 adeo
219 2951 309 2985 verum
325 2942 375 2998 est,
388 2951 466 3005 quam
478 2932 549 3004 quod
563 2941 600 3002 est
611 2933 780 2986 verissimum.
792 2926 832 2984 lbi
844 2935 914 2986 enim
925 2951 1001 2986 nemo
1013 2934 1093 3003 alius,

5 3019 6 3084 l
90 3027 194 3090 praeter
210 3016 456 3088 Wyttenbachium,
468 3026 537 3084 erat,
549 3019 594 3089 qui
609 3036 637 3070 ca
650 3017 754 3090 publice
766 3018 884 3084 doceret,
894 3038 959 3091 quae
971 3038 1019 3089 ego
1030 3028 1095 3074 tuuc

91 3104 192 3156 discere
209 3103 352 3176 cupiebam.
370 3105 437 3157 llum
452 3122 514 3156 vero
529 3104 592 3157 inde
608 3105 740 3174 sequitur,
751 3124 788 3156 me
804 3105 974 3158 balatonium
992 3119 1017 3159 st
1030 3111 1095 3160 ulios

91 3191 267 3242 nonmusios?
279 3191 356 3244 Plane
366 3193 527 3244 eontrarium
539 3199 656 3244 constare
667 3192 759 3263 opinor
771 3208 802 3242 ex
812 3191 858 3257 iis,
870 3209 935 3262 quae
945 3193 972 3244 iu
982 3193 1095 3264 Epistola

5 3289 6 3294 ’
91 3277 169 3328 Vitae
191 3275 384 3346 Wyttenbachii
405 3277 516 3348 praelim
536 3277 570 3330 ad
586 3278 744 3349 Kemperum
765 3285 791 3329 et
811 3278 969 3354 Lenncpium
986 3278 1094 3348 scripsi:

90 3362 172 3414 Porro
184 3374 265 3414 autom
270 3401 279 3427 ,
291 3367 335 3413 itti
346 3373 394 3412 tros
405 3368 555 3415 venerabiles
563 3367 681 3432 quondum
690 3361 834 3414 Academias
842 3361 1096 3436 Rheno-Trajsotissos

90 3467 163 3500 senes
169 3487 179 3513 ,
191 3449 281 3500 Saxius
291 3487 298 3513 ,
310 3449 444 3516 Segaarius
460 3459 485 3512 et
497 3449 667 3528 Boudamius,
679 3452 797 3516 quinidi
807 3451 953 3515 impensum
963 3444 1095 3500 Aemili

6 3573 7 3578 ,
89 3539 248 3601 aliquamdiu
259 3538 369 3602 degenti,
381 3553 409 3584 ao
426 3539 532 3602 quotidie
548 3540 581 3588 od
594 3541 702 3604 spsorum
715 3538 812 3585 scholas
824 3537 946 3595 venienti,
958 3537 1095 3585 sutburna
1184 3605 1186 3610 ,

6 3627 7 3632 ’
91 3639 154 3672 mos
166 3639 225 3688 erpo
235 3639 273 3672 ms
285 3624 463 3686 beneolentiae
474 3625 614 3690 documento
626 3623 756 3683 numus,
768 3636 811 3670 nec
819 3637 909 3686 porum
919 3622 983 3668 mclii
993 3619 1095 3690 profus-

91 3716 168 3770 runt,
179 3713 227 3757 etc.
245 3707 296 3758 Cur
312 3715 411 3772 erstem,
423 3705 498 3758 linito
508 3707 654 3759 studiorum
666 3721 782 3769 meorum
794 3703 925 3758 curriculo
935 3701 1095 3757 Amatelodr-

6 3849 7 3866 ,
92 3791 191 3857 mensi,
204 3809 272 3844 auno
291 3793 371 3861 1793,
385 3791 470 3862 potius
486 3790 520 3844 ad
537 3792 692 3852 Professores
708 3789 798 3842 Rheno
808 3789 999 3859 -Trajectinos‚
1016 3806 1095 3860 quam

6 3877 7 3956 J
94 3875 342 3948 lugduno-Batavos
358 3895 399 3932 me
416 3877 617 3949 contulerim,si
629 3867 929 3949 quisforteseirerelit,
941 3875 980 3928 illi
992 3875 1095 3930 satiarit
1139 3945 1141 3950 Ι
