<?xml version="1.0" encoding="UTF-8"?>
<!DOCTYPE html PUBLIC "-//W3C//DTD XHTML 1.0 Transitional//EN"
    "http://www.w3.org/TR/xhtml1/DTD/xhtml1-transitional.dtd">
<html xmlns="http://www.w3.org/1999/xhtml" xml:lang="en" lang="en">
 <head>
  <title>
</title>
<meta http-equiv="Content-Type" content="text/html;charset=utf-8" />
  <meta name='ocr-system' content='tesseract 3.04.00' />
  <meta name='ocr-capabilities' content='ocr_page ocr_carea ocr_par ocr_line ocrx_word'/>
</head>
<body>
  <div class='ocr_page' id='page_1' title='image "./epistolaedavidi00ruhngoog_0086.png"; bbox 0 0 2728 4558; ppageno 0'>
   <div class='ocr_carea' id='block_1_1' title="bbox 548 359 670 460">
    <p class='ocr_par' dir='ltr' id='par_1_1' title="bbox 548 359 670 460">
     <span class='ocr_line' id='line_1_1' title="bbox 548 359 670 460; baseline 0.008 -3"><span class='ocrx_word' id='word_1_1' title='bbox 548 359 670 460; x_wconf 82' lang='lat'>(75)</span> 
     </span>
    </p>
   </div>
   <div class='ocr_carea' id='block_1_2' title="bbox 5 503 1109 1391">
    <p class='ocr_par' dir='ltr' id='par_1_2' title="bbox 5 503 1109 1393">
     <span class='ocr_line' id='line_1_2' title="bbox 104 503 1105 604; baseline -0.001 -27"><span class='ocrx_word' id='word_1_2' title='bbox 104 507 248 577; x_wconf 86' lang='lat' dir='ltr'><strong>nendus</strong></span> <span class='ocrx_word' id='word_1_3' title='bbox 264 517 316 576; x_wconf 86' lang='lat' dir='ltr'><strong>est</strong></span> <span class='ocrx_word' id='word_1_4' title='bbox 332 503 527 602; x_wconf 78' lang='lat' dir='ltr'><strong>discipulus</strong></span> <span class='ocrx_word' id='word_1_5' title='bbox 543 520 626 578; x_wconf 83' lang='lat' dir='ltr'><strong>tuus</strong></span> <span class='ocrx_word' id='word_1_6' title='bbox 640 505 703 604; x_wconf 90' lang='lat' dir='ltr'>(l).</span> <span class='ocrx_word' id='word_1_7' title='bbox 723 547 770 558; x_wconf 95' lang='lat'>-</span> <span class='ocrx_word' id='word_1_8' title='bbox 785 505 998 576; x_wconf 85' lang='lat' dir='ltr'><strong>Schultensii</strong></span> <span class='ocrx_word' id='word_1_9' title='bbox 1013 505 1105 600; x_wconf 82' lang='lat' dir='ltr'><strong>inge·</strong></span> 
     </span>
     <span class='ocr_line' id='line_1_3' title="bbox 6 610 1106 715; baseline -0.002 -25"><span class='ocrx_word' id='word_1_10' title='bbox 6 660 9 669; x_wconf 49' lang='grc' dir='ltr'>ι</span> <span class='ocrx_word' id='word_1_11' title='bbox 102 620 210 690; x_wconf 88' lang='lat' dir='ltr'><strong>nium</strong></span> <span class='ocrx_word' id='word_1_12' title='bbox 225 631 261 689; x_wconf 84' lang='lat' dir='ltr'><strong>et</strong></span> <span class='ocrx_word' id='word_1_13' title='bbox 275 621 389 689; x_wconf 88' lang='lat' dir='ltr'><strong>mor&#39;es</strong></span> <span class='ocrx_word' id='word_1_14' title='bbox 405 621 643 715; x_wconf 85' lang='lat' dir='ltr'>pulcherrime</span> <span class='ocrx_word' id='word_1_15' title='bbox 659 610 842 713; x_wconf 87' lang='lat' dir='ltr'><strong>descripsit</strong></span> <span class='ocrx_word' id='word_1_16' title='bbox 857 617 1055 689; x_wconf 85' lang='lat' dir='ltr'><strong>Paradisius</strong></span> <span class='ocrx_word' id='word_1_17' title='bbox 1067 619 1106 689; x_wconf 90' lang='lat' dir='ltr'><strong>in</strong></span> 
     </span>
     <span class='ocr_line' id='line_1_4' title="bbox 5 730 1107 827; baseline 0.001 -28"><span class='ocrx_word' id='word_1_18' title='bbox 5 737 9 799; x_wconf 78' lang='lat' dir='ltr'><strong>i</strong></span> <span class='ocrx_word' id='word_1_19' title='bbox 103 733 278 803; x_wconf 79' lang='lat' dir='ltr'><strong>Oratione</strong></span> <span class='ocrx_word' id='word_1_20' title='bbox 299 734 399 802; x_wconf 80' lang='lat' dir='ltr'><strong>brevi</strong></span> <span class='ocrx_word' id='word_1_21' title='bbox 420 733 616 827; x_wconf 70' lang='lat' dir='ltr'><strong>prodituri.</strong></span> <span class='ocrx_word' id='word_1_22' title='bbox 644 733 795 826; x_wconf 82' lang='lat' dir='ltr'><strong>Reliqua</strong></span> <span class='ocrx_word' id='word_1_23' title='bbox 822 731 867 802; x_wconf 87' lang='lat' dir='ltr'><strong>ad</strong></span> <span class='ocrx_word' id='word_1_24' title='bbox 894 732 971 823; x_wconf 78' lang='lat' dir='ltr'><strong>ejus</strong></span> <span class='ocrx_word' id='word_1_25' title='bbox 996 730 1107 800; x_wconf 74' lang='lat' dir='ltr'><strong>vitam</strong></span> 
     </span>
     <span class='ocr_line' id='line_1_5' title="bbox 5 833 1108 939; baseline -0.002 -25"><span class='ocrx_word' id='word_1_26' title='bbox 5 837 6 840; x_wconf 27' lang='lat'>¹</span> <span class='ocrx_word' id='word_1_27' title='bbox 103 833 345 939; x_wconf 75' lang='lat' dir='ltr'><strong>pertinentia,</strong></span> <span class='ocrx_word' id='word_1_28' title='bbox 363 846 477 935; x_wconf 86' lang='lat' dir='ltr'><strong>filiu&#39;s,</strong></span> <span class='ocrx_word' id='word_1_29' title='bbox 496 871 576 916; x_wconf 86' lang='lat' dir='ltr'><strong>cum</strong></span> <span class='ocrx_word' id='word_1_30' title='bbox 594 846 666 915; x_wconf 90' lang='lat' dir='ltr'><strong>huc</strong></span> <span class='ocrx_word' id='word_1_31' title='bbox 682 846 835 934; x_wconf 85' lang='lat' dir='ltr'><strong>venerit,</strong></span> <span class='ocrx_word' id='word_1_32' title='bbox 852 845 920 934; x_wconf 78' lang='lat' dir='ltr'><strong>tibi</strong></span> <span class='ocrx_word' id='word_1_33' title='bbox 936 843 1108 938; x_wconf 88' lang='lat' dir='ltr'><strong>suppedi-</strong></span> 
     </span>
     <span class='ocr_line' id='line_1_6' title="bbox 5 956 1108 1053; baseline -0.003 -26"><span class='ocrx_word' id='word_1_34' title='bbox 5 989 6 1032; x_wconf 32' lang='grc' dir='ltr'><strong>ᾗ</strong></span> <span class='ocrx_word' id='word_1_35' title='bbox 83 957 212 1031; x_wconf 70' lang='lat' dir='ltr'><strong>rabit.</strong></span> <span class='ocrx_word' id='word_1_36' title='bbox 230 999 279 1010; x_wconf 93' lang='lat'><strong>--</strong></span> <span class='ocrx_word' id='word_1_37' title='bbox 295 956 443 1046; x_wconf 85' lang='lat' dir='ltr'><strong>Audivi,</strong></span> <span class='ocrx_word' id='word_1_38' title='bbox 456 959 593 1036; x_wconf 83' lang='lat' dir='ltr'><strong>Hanam</strong></span> <span class='ocrx_word' id='word_1_39' title='bbox 611 983 714 1053; x_wconf 81' lang='lat' dir='ltr'><strong>saepe</strong></span> <span class='ocrx_word' id='word_1_40' title='bbox 729 958 1030 1028; x_wconf 86' lang='lat' dir='ltr'><strong>Amstelodamum</strong></span> <span class='ocrx_word' id='word_1_41' title='bbox 1045 980 1108 1025; x_wconf 76' lang='lat' dir='ltr'><strong>ve-</strong></span> 
     </span>
     <span class='ocr_line' id='line_1_7' title="bbox 103 1057 1109 1163; baseline 0 -26"><span class='ocrx_word' id='word_1_42' title='bbox 103 1065 205 1158; x_wconf 79' lang='lat' dir='ltr'><strong>nire,</strong></span> <span class='ocrx_word' id='word_1_43' title='bbox 230 1082 271 1138; x_wconf 89' lang='lat' dir='ltr'><strong>ut</strong></span> <span class='ocrx_word' id='word_1_44' title='bbox 293 1082 441 1138; x_wconf 87' lang='lat' dir='ltr'><strong>matrem</strong></span> <span class='ocrx_word' id='word_1_45' title='bbox 465 1082 641 1163; x_wconf 83' lang='lat' dir='ltr'><strong>aegrotam</strong></span> <span class='ocrx_word' id='word_1_46' title='bbox 663 1057 801 1139; x_wconf 79' lang='lat' dir='ltr'><strong>invisat.</strong></span> <span class='ocrx_word' id='word_1_47' title='bbox 826 1070 893 1138; x_wconf 89' lang='lat' dir='ltr'><strong>Sed</strong></span> <span class='ocrx_word' id='word_1_48' title='bbox 910 1069 1043 1156; x_wconf 88' lang='lat' dir='ltr'><strong>nescio,</strong></span> <span class='ocrx_word' id='word_1_49' title='bbox 1061 1091 1109 1137; x_wconf 89' lang='lat' dir='ltr'><strong>an</strong></span> 
     </span>
     <span class='ocr_line' id='line_1_8' title="bbox 104 1167 1109 1274; baseline -0.001 -25"><span class='ocrx_word' id='word_1_50' title='bbox 104 1181 199 1274; x_wconf 92' lang='lat' dir='ltr'><strong>quid</strong></span> <span class='ocrx_word' id='word_1_51' title='bbox 216 1167 334 1250; x_wconf 86' lang='lat' dir='ltr'><strong>tecum</strong></span> <span class='ocrx_word' id='word_1_52' title='bbox 352 1183 660 1251; x_wconf 85' lang='lat' dir='ltr'><strong>communicaverit</strong></span> <span class='ocrx_word' id='word_1_53' title='bbox 677 1182 720 1251; x_wconf 92' lang='lat' dir='ltr'><strong>de</strong></span> <span class='ocrx_word' id='word_1_54' title='bbox 736 1182 875 1274; x_wconf 84' lang='lat' dir='ltr'><strong>negotio</strong></span> <span class='ocrx_word' id='word_1_55' title='bbox 893 1179 1109 1249; x_wconf 85' lang='lat' dir='ltr'><strong>Harderovi-</strong></span> 
     </span>
     <span class='ocr_line' id='line_1_9' title="bbox 104 1292 1107 1391; baseline -0.002 -29"><span class='ocrx_word' id='word_1_56' title='bbox 104 1294 216 1362; x_wconf 84' lang='lat' dir='ltr'><strong>censi.</strong></span> <span class='ocrx_word' id='word_1_57' title='bbox 241 1292 301 1362; x_wconf 84' lang='lat' dir='ltr'><strong>Ad</strong></span> <span class='ocrx_word' id='word_1_58' title='bbox 322 1319 378 1363; x_wconf 88' lang='lat' dir='ltr'><strong>me</strong></span> <span class='ocrx_word' id='word_1_59' title='bbox 401 1319 446 1363; x_wconf 93' lang='lat' dir='ltr'><strong>ne</strong></span> <span class='ocrx_word' id='word_1_60' title='bbox 468 1293 524 1391; x_wconf 61' lang='lat' dir='ltr'><strong>pp&gt;</strong></span> <span class='ocrx_word' id='word_1_61' title='bbox 546 1295 703 1387; x_wconf 85' lang='lat' dir='ltr'><strong>quidem.</strong></span> <span class='ocrx_word' id='word_1_62' title='bbox 727 1295 832 1383; x_wconf 88' lang='lat' dir='ltr'><strong>Vale,</strong></span> <span class='ocrx_word' id='word_1_63' title='bbox 858 1294 907 1362; x_wconf 91' lang='lat' dir='ltr'><strong>mi</strong></span> <span class='ocrx_word' id='word_1_64' title='bbox 917 1292 1107 1362; x_wconf 50' lang='lat' dir='ltr'><strong>:carissime</strong></span> 
     </span>
    </p>
   </div>
   <div class='ocr_carea' id='block_1_3' title="bbox 4 1405 1108 1679">
    <p class='ocr_par' dir='ltr' id='par_1_3' title="bbox 4 1405 1108 1679">
     <span class='ocr_line' id='line_1_10' title="bbox 6 1405 1108 1514; baseline -0.007 -33"><span class='ocrx_word' id='word_1_65' title='bbox 6 1471 7 1514; x_wconf 55' lang='lat'>3</span> <span class='ocrx_word' id='word_1_66' title='bbox 103 1405 374 1499; x_wconf 83' lang='lat' dir='ltr'><strong>Wyttenbaehi.</strong></span> <span class='ocrx_word' id='word_1_67' title='bbox 400 1406 491 1478; x_wconf 82' lang='lat' dir='ltr'>Uxor</span> <span class='ocrx_word' id='word_1_68' title='bbox 515 1419 550 1476; x_wconf 87' lang='lat' dir='ltr'><strong>et</strong></span> <span class='ocrx_word' id='word_1_69' title='bbox 575 1407 671 1475; x_wconf 90' lang='lat' dir='ltr'><strong>filiae</strong></span> <span class='ocrx_word' id='word_1_70' title='bbox 693 1418 727 1475; x_wconf 88' lang='lat' dir='ltr'><strong>te</strong></span> <span class='ocrx_word' id='word_1_71' title='bbox 753 1407 948 1500; x_wconf 89' lang='lat' dir='ltr'><strong>plurimum</strong></span> <span class='ocrx_word' id='word_1_72' title='bbox 976 1405 1108 1475; x_wconf 84' lang='lat' dir='ltr'><strong>salvere</strong></span> 
     </span>
     <span class='ocr_line' id='line_1_11' title="bbox 4 1514 746 1679; baseline -0.004 -90"><span class='ocrx_word' id='word_1_73' title='bbox 4 1544 10 1679; x_wconf 37' lang='lat' dir='ltr'>i</span> <span class='ocrx_word' id='word_1_74' title='bbox 100 1519 246 1611; x_wconf 87' lang='lat' dir='ltr'><strong>jubent.</strong></span> <span class='ocrx_word' id='word_1_75' title='bbox 265 1518 392 1589; x_wconf 86' lang='lat' dir='ltr'><strong>Leidae</strong></span> <span class='ocrx_word' id='word_1_76' title='bbox 403 1520 439 1589; x_wconf 91' lang='lat' dir='ltr'><strong>d.</strong></span> <span class='ocrx_word' id='word_1_77' title='bbox 460 1516 507 1590; x_wconf 86' lang='lat'><strong>23</strong></span> <span class='ocrx_word' id='word_1_78' title='bbox 522 1516 622 1622; x_wconf 80' lang='lat' dir='ltr'><strong>Febr.</strong></span> <span class='ocrx_word' id='word_1_79' title='bbox 642 1514 746 1588; x_wconf 73' lang='lat'><strong>1794.</strong></span> 
     </span>
    </p>
   </div>
   <div class='ocr_carea' id='block_1_4' title="bbox 107 1739 1104 1772">
    <p class='ocr_par' dir='ltr' id='par_1_4' title="bbox 107 1739 1104 1772">
     <span class='ocr_line' id='line_1_12' title="bbox 107 1739 1104 1772; baseline -0.002 -2"><span class='ocrx_word' id='word_1_80' title='bbox 107 1739 1104 1772; x_wconf 51' lang='lat' dir='ltr'><strong>m</strong></span> 
     </span>
    </p>
   </div>
   <div class='ocr_carea' id='block_1_5' title="bbox 222 1846 926 1980">
    <p class='ocr_par' dir='ltr' id='par_1_5' title="bbox 222 1846 926 1980">
     <span class='ocr_line' id='line_1_13' title="bbox 222 1846 926 1980; baseline -0.006 0"><span class='ocrx_word' id='word_1_81' title='bbox 222 1846 224 1850; x_wconf 25' lang='lat'>⁵</span> <span class='ocrx_word' id='word_1_82' title='bbox 291 1862 783 1980; x_wconf 65' lang='lat' dir='ltr'><strong>wirimundum</strong></span> <span class='ocrx_word' id='word_1_83' title='bbox 818 1903 926 1976; x_wconf 82' lang='lat' dir='ltr'><strong>suo</strong></span> 
     </span>
    </p>
   </div>
   <div class='ocr_carea' id='block_1_6' title="bbox 537 2111 681 2157">
    <p class='ocr_par' dir='ltr' id='par_1_6' title="bbox 537 2111 681 2157">
     <span class='ocr_line' id='line_1_14' title="bbox 537 2111 681 2157; baseline -0.007 -2"><span class='ocrx_word' id='word_1_84' title='bbox 537 2111 563 2155; x_wconf 80' lang='lat' dir='ltr'><strong>S·</strong></span> <span class='ocrx_word' id='word_1_85' title='bbox 591 2112 620 2155; x_wconf 73' lang='grc' dir='ltr'><strong>Ρ.</strong></span> <span class='ocrx_word' id='word_1_86' title='bbox 648 2113 681 2157; x_wconf 83' lang='lat' dir='ltr'><strong>D.</strong></span> 
     </span>
    </p>
   </div>
   <div class='ocr_carea' id='block_1_7' title="bbox 387 2282 830 2358">
    <p class='ocr_par' dir='ltr' id='par_1_7' title="bbox 387 2282 830 2358">
     <span class='ocr_line' id='line_1_15' title="bbox 387 2282 830 2358; baseline 0 -6"><span class='ocrx_word' id='word_1_87' title='bbox 387 2282 496 2355; x_wconf 86' lang='lat' dir='ltr'><strong>DAV.</strong></span> <span class='ocrx_word' id='word_1_88' title='bbox 522 2285 830 2358; x_wconf 86' lang='lat' dir='ltr'><strong>RUHNKENIUS.</strong></span> 
     </span>
    </p>
   </div>
   <div class='ocr_carea' id='block_1_8' title="bbox 104 2469 1109 3378">
    <p class='ocr_par' dir='ltr' id='par_1_8' title="bbox 104 2469 1109 3042">
     <span class='ocr_line' id='line_1_16' title="bbox 106 2469 1109 2592; baseline 0 -24"><span class='ocrx_word' id='word_1_89' title='bbox 106 2469 368 2587; x_wconf 62' lang='lat' dir='ltr'><strong>Sarranum,</strong></span> <span class='ocrx_word' id='word_1_90' title='bbox 380 2498 472 2587; x_wconf 82' lang='lat' dir='ltr'><strong>fore,</strong></span> <span class='ocrx_word' id='word_1_91' title='bbox 489 2511 530 2567; x_wconf 91' lang='lat' dir='ltr'><strong>ut</strong></span> <span class='ocrx_word' id='word_1_92' title='bbox 549 2501 751 2570; x_wconf 86' lang='lat' dir='ltr'><strong>Elisabetha</strong></span> <span class='ocrx_word' id='word_1_93' title='bbox 772 2499 979 2592; x_wconf 66' lang='lat' dir='ltr'><strong>fascicjrlum</strong></span> <span class='ocrx_word' id='word_1_94' title='bbox 997 2499 1109 2568; x_wconf 88' lang='lat' dir='ltr'><strong>libro-</strong></span> 
     </span>
     <span class='ocr_line' id='line_1_17' title="bbox 106 2609 1106 2707; baseline 0.003 -27"><span class='ocrx_word' id='word_1_95' title='bbox 106 2634 211 2699; x_wconf 88' lang='lat' dir='ltr'><strong>rum,</strong></span> <span class='ocrx_word' id='word_1_96' title='bbox 240 2634 348 2704; x_wconf 90' lang='lat' dir='ltr'><strong>quem</strong></span> <span class='ocrx_word' id='word_1_97' title='bbox 375 2635 414 2682; x_wconf 84' lang='lat' dir='ltr'><strong>ex</strong></span> <span class='ocrx_word' id='word_1_98' title='bbox 445 2610 574 2705; x_wconf 80' lang='lat' dir='ltr'><strong>Anglia</strong></span> <span class='ocrx_word' id='word_1_99' title='bbox 600 2624 800 2707; x_wconf 84' lang='lat' dir='ltr'><strong>exspectas,</strong></span> <span class='ocrx_word' id='word_1_100' title='bbox 833 2637 965 2690; x_wconf 71' lang='lat' dir='ltr'><strong>seeum,</strong></span> <span class='ocrx_word' id='word_1_101' title='bbox 979 2609 1106 2702; x_wconf 79' lang='lat' dir='ltr'><strong>ferret,</strong></span> 
     </span>
     <span class='ocr_line' id='line_1_18' title="bbox 104 2706 1108 2819; baseline 0.002 -29"><span class='ocrx_word' id='word_1_102' title='bbox 104 2723 316 2817; x_wconf 88' lang='lat' dir='ltr'><strong>praesertim</strong></span> <span class='ocrx_word' id='word_1_103' title='bbox 333 2716 600 2817; x_wconf 46' lang='lat' dir='ltr'><strong>cum&#39;Elmlejus</strong></span> <span class='ocrx_word' id='word_1_104' title='bbox 617 2706 752 2794; x_wconf 87' lang='lat' dir='ltr'><strong>dudu&#39;m</strong></span> <span class='ocrx_word' id='word_1_105' title='bbox 768 2725 963 2819; x_wconf 69' lang='lat' dir='ltr'><strong>dempsisset</strong></span> <span class='ocrx_word' id='word_1_106' title='bbox 981 2725 1108 2793; x_wconf 85' lang='lat' dir='ltr'><strong>Lueht-</strong></span> 
     </span>
     <span class='ocr_line' id='line_1_19' title="bbox 104 2819 1105 2927; baseline 0.002 -23"><span class='ocrx_word' id='word_1_107' title='bbox 104 2835 265 2923; x_wconf 85' lang='lat' dir='ltr'><strong>mannis,</strong></span> <span class='ocrx_word' id='word_1_108' title='bbox 282 2835 392 2920; x_wconf 77' lang='lat' dir='ltr'><strong>libros</strong></span> <span class='ocrx_word' id='word_1_109' title='bbox 408 2861 428 2904; x_wconf 90' lang='lat' dir='ltr'><strong>a</strong></span> <span class='ocrx_word' id='word_1_110' title='bbox 445 2853 570 2912; x_wconf 78' lang='lat' dir='ltr'><strong>se&#39;esse</strong></span> <span class='ocrx_word' id='word_1_111' title='bbox 585 2819 756 2907; x_wconf 72' lang='lat' dir='ltr'><strong>dimissui.</strong></span> <span class='ocrx_word' id='word_1_112' title='bbox 770 2838 871 2908; x_wconf 88' lang='lat' dir='ltr'><strong>Nunc</strong></span> <span class='ocrx_word' id='word_1_113' title='bbox 886 2837 1105 2927; x_wconf 85' lang='lat' dir='ltr'><strong>Elisabetha,</strong></span> 
     </span>
     <span class='ocr_line' id='line_1_20' title="bbox 105 2947 943 3042; baseline 0.002 -26"><span class='ocrx_word' id='word_1_114' title='bbox 105 2971 153 3016; x_wconf 92' lang='lat' dir='ltr'><strong>ne</strong></span> <span class='ocrx_word' id='word_1_115' title='bbox 169 2947 284 3016; x_wconf 89' lang='lat' dir='ltr'><strong>inanis</strong></span> <span class='ocrx_word' id='word_1_116' title='bbox 300 2948 435 3037; x_wconf 84' lang='lat' dir='ltr'><strong>veniat,</strong></span> <span class='ocrx_word' id='word_1_117' title='bbox 454 2973 520 3042; x_wconf 87' lang='lat' dir='ltr'><strong>pro</strong></span> <span class='ocrx_word' id='word_1_118' title='bbox 536 2949 636 3018; x_wconf 90' lang='lat' dir='ltr'><strong>libris</strong></span> <span class='ocrx_word' id='word_1_119' title='bbox 652 2950 789 3020; x_wconf 86' lang='lat' dir='ltr'><strong>haleces</strong></span> <span class='ocrx_word' id='word_1_120' title='bbox 807 2950 943 3018; x_wconf 84' lang='lat' dir='ltr'><strong>afferet.</strong></span> 
     </span>
    </p>

    <p class='ocr_par' dir='ltr' id='par_1_9' title="bbox 105 3059 1109 3378">
     <span class='ocr_line' id='line_1_21' title="bbox 155 3059 1109 3156; baseline 0.003 -27"><span class='ocrx_word' id='word_1_121' title='bbox 155 3059 414 3130; x_wconf 88' lang='lat' dir='ltr'><strong>Praefationem</strong></span> <span class='ocrx_word' id='word_1_122' title='bbox 429 3074 527 3130; x_wconf 89' lang='lat' dir='ltr'><strong>tuam</strong></span> <span class='ocrx_word' id='word_1_123' title='bbox 542 3063 656 3156; x_wconf 85' lang='lat' dir='ltr'><strong>legere</strong></span> <span class='ocrx_word' id='word_1_124' title='bbox 673 3062 798 3156; x_wconf 86' lang='lat' dir='ltr'><strong>cupio,</strong></span> <span class='ocrx_word' id='word_1_125' title='bbox 815 3075 1006 3156; x_wconf 85' lang='lat' dir='ltr'><strong>antequam</strong></span> <span class='ocrx_word' id='word_1_126' title='bbox 1022 3061 1109 3135; x_wconf 83' lang='lat' dir='ltr'><strong>Oxo-</strong></span> 
     </span>
     <span class='ocr_line' id='line_1_22' title="bbox 106 3171 1108 3270; baseline 0.005 -31"><span class='ocrx_word' id='word_1_127' title='bbox 106 3171 209 3240; x_wconf 91' lang='lat' dir='ltr'><strong>nium</strong></span> <span class='ocrx_word' id='word_1_128' title='bbox 221 3171 397 3261; x_wconf 85' lang='lat' dir='ltr'><strong>mittatur,</strong></span> <span class='ocrx_word' id='word_1_129' title='bbox 410 3198 483 3243; x_wconf 89' lang='lat' dir='ltr'><strong>non</strong></span> <span class='ocrx_word' id='word_1_130' title='bbox 499 3199 571 3267; x_wconf 93' lang='lat' dir='ltr'><strong>quo</strong></span> <span class='ocrx_word' id='word_1_131' title='bbox 586 3176 670 3244; x_wconf 88' lang='lat' dir='ltr'><strong>lima</strong></span> <span class='ocrx_word' id='word_1_132' title='bbox 682 3176 854 3270; x_wconf 79' lang='lat' dir='ltr'><strong>indigeat,</strong></span> <span class='ocrx_word' id='word_1_133' title='bbox 869 3176 929 3246; x_wconf 85' lang='lat' dir='ltr'><strong>sed</strong></span> <span class='ocrx_word' id='word_1_134' title='bbox 940 3189 980 3246; x_wconf 91' lang='lat' dir='ltr'><strong>ut</strong></span> <span class='ocrx_word' id='word_1_135' title='bbox 991 3176 1108 3246; x_wconf 89' lang='lat' dir='ltr'><strong>animo</strong></span> 
     </span>
     <span class='ocr_line' id='line_1_23' title="bbox 105 3283 694 3378; baseline 0.003 -26"><span class='ocrx_word' id='word_1_136' title='bbox 105 3307 187 3353; x_wconf 86' lang='lat' dir='ltr'><strong>meo</strong></span> <span class='ocrx_word' id='word_1_137' title='bbox 203 3283 319 3352; x_wconf 85' lang='lat' dir='ltr'><strong>suavis</strong></span> <span class='ocrx_word' id='word_1_138' title='bbox 334 3297 455 3376; x_wconf 85' lang='lat' dir='ltr'><strong>pastus</strong></span> <span class='ocrx_word' id='word_1_139' title='bbox 471 3288 694 3378; x_wconf 86' lang='lat' dir='ltr'><strong>praebeatur.</strong></span> 
     </span>
    </p>
   </div>
   <div class='ocr_carea' id='block_1_9' title="bbox 136 3369 1248 3492">
    <p class='ocr_par' dir='ltr' id='par_1_10' title="bbox 136 3369 1248 3492">
     <span class='ocr_line' id='line_1_24' title="bbox 136 3369 1248 3492; baseline 0.001 -24"><span class='ocrx_word' id='word_1_140' title='bbox 136 3396 334 3490; x_wconf 83' lang='lat' dir='ltr'><strong>.Spalettus</strong></span> <span class='ocrx_word' id='word_1_141' title='bbox 355 3395 607 3492; x_wconf 82' lang='lat' dir='ltr'><strong>Anthologiam</strong></span> <span class='ocrx_word' id='word_1_142' title='bbox 630 3423 729 3467; x_wconf 89' lang='lat' dir='ltr'><strong>suam</strong></span> <span class='ocrx_word' id='word_1_143' title='bbox 744 3424 765 3466; x_wconf 90' lang='lat' dir='ltr'><strong>a</strong></span> <span class='ocrx_word' id='word_1_144' title='bbox 781 3395 1034 3469; x_wconf 88' lang='lat' dir='ltr'><strong>Luchtmannis</strong></span> <span class='ocrx_word' id='word_1_145' title='bbox 1051 3387 1115 3468; x_wconf 85' lang='lat' dir='ltr'><strong>edi</strong></span> <span class='ocrx_word' id='word_1_146' title='bbox 1160 3405 1162 3411; x_wconf 82' lang='lat'>&#39;</span> <span class='ocrx_word' id='word_1_147' title='bbox 1245 3369 1248 3376; x_wconf 25' lang='grc' dir='ltr'>Ι</span> 
     </span>
    </p>
   </div>
   <div class='ocr_carea' id='block_1_10' title="bbox 1 3529 1216 3714">
    <p class='ocr_par' dir='ltr' id='par_1_11' title="bbox 1 3529 1216 3714">
     <span class='ocr_line' id='line_1_25' title="bbox 143 3529 1216 3627; baseline 0.005 -21"><span class='ocrx_word' id='word_1_148' title='bbox 143 3555 181 3623; x_wconf 82' lang='grc' dir='ltr'><strong>(ι)</strong></span> <span class='ocrx_word' id='word_1_149' title='bbox 199 3555 256 3606; x_wconf 87' lang='lat' dir='ltr'><strong>Non</strong></span> <span class='ocrx_word' id='word_1_150' title='bbox 271 3572 334 3626; x_wconf 78' lang='lat' dir='ltr'><strong>opus</strong></span> <span class='ocrx_word' id='word_1_151' title='bbox 350 3555 417 3619; x_wconf 76' lang='lat' dir='ltr'><strong>suit,</strong></span> <span class='ocrx_word' id='word_1_152' title='bbox 430 3529 461 3607; x_wconf 73' lang='lat' dir='ltr'><strong>ut</strong></span> <span class='ocrx_word' id='word_1_153' title='bbox 471 3574 512 3608; x_wconf 84' lang='lat' dir='ltr'><strong>me</strong></span> <span class='ocrx_word' id='word_1_154' title='bbox 526 3558 599 3610; x_wconf 77' lang='lat' dir='ltr'><strong>istius</strong></span> <span class='ocrx_word' id='word_1_155' title='bbox 610 3559 706 3610; x_wconf 77' lang='lat' dir='ltr'><strong>erroris</strong></span> <span class='ocrx_word' id='word_1_156' title='bbox 716 3557 932 3627; x_wconf 77' lang='lat' dir='ltr'><strong>Wyttenbaehius</strong></span> <span class='ocrx_word' id='word_1_157' title='bbox 944 3557 1109 3625; x_wconf 80' lang='lat' dir='ltr'><strong>admoneret,</strong></span> <span class='ocrx_word' id='word_1_158' title='bbox 1211 3579 1216 3590; x_wconf 86' lang='lat'><strong>·</strong></span> 
     </span>
     <span class='ocr_line' id='line_1_26' title="bbox 1 3639 1110 3714; baseline 0.003 -21"><span class='ocrx_word' id='word_1_159' title='bbox 1 3693 2 3704; x_wconf 56' lang='grc'>,</span> <span class='ocrx_word' id='word_1_160' title='bbox 107 3639 239 3710; x_wconf 70' lang='lat' dir='ltr'><strong>siquidem</strong></span> <span class='ocrx_word' id='word_1_161' title='bbox 256 3640 321 3692; x_wconf 76' lang='lat' dir='ltr'><strong>falso</strong></span> <span class='ocrx_word' id='word_1_162' title='bbox 336 3648 471 3712; x_wconf 80' lang='lat' dir='ltr'><strong>putaverat</strong></span> <span class='ocrx_word' id='word_1_163' title='bbox 482 3642 665 3709; x_wconf 78' lang='lat' dir='ltr'><strong>Ruhnkenius,</strong></span> <span class='ocrx_word' id='word_1_164' title='bbox 678 3661 704 3694; x_wconf 80' lang='lat' dir='ltr'><strong>re</strong></span> <span class='ocrx_word' id='word_1_165' title='bbox 715 3642 764 3694; x_wconf 87' lang='lat' dir='ltr'><strong>hoe</strong></span> <span class='ocrx_word' id='word_1_166' title='bbox 776 3643 803 3693; x_wconf 87' lang='lat' dir='ltr'><strong>in</strong></span> <span class='ocrx_word' id='word_1_167' title='bbox 814 3642 933 3695; x_wconf 85' lang='lat' dir='ltr'><strong>Diatribe</strong></span> <span class='ocrx_word' id='word_1_168' title='bbox 945 3647 1002 3696; x_wconf 71' lang='lat' dir='ltr'><strong>mea</strong></span> <span class='ocrx_word' id='word_1_169' title='bbox 1013 3644 1110 3714; x_wconf 73' lang='lat' dir='ltr'><strong>legisse.</strong></span> 
     </span>
    </p>
   </div>
   <div class='ocr_carea' id='block_1_11' title="bbox 106 3723 1177 3980">
    <p class='ocr_par' dir='ltr' id='par_1_12' title="bbox 106 3723 1177 3980">
     <span class='ocr_line' id='line_1_27' title="bbox 106 3723 1177 3800; baseline 0.007 -24"><span class='ocrx_word' id='word_1_170' title='bbox 106 3727 168 3794; x_wconf 71' lang='lat' dir='ltr'><strong>Pag.</strong></span> <span class='ocrx_word' id='word_1_171' title='bbox 190 3743 221 3777; x_wconf 79' lang='lat'><strong>12</strong></span> <span class='ocrx_word' id='word_1_172' title='bbox 239 3723 334 3778; x_wconf 78' lang='lat' dir='ltr'><strong>diserte</strong></span> <span class='ocrx_word' id='word_1_173' title='bbox 354 3725 487 3790; x_wconf 83' lang='lat' dir='ltr'><strong>dixeram,</strong></span> <span class='ocrx_word' id='word_1_174' title='bbox 506 3728 687 3781; x_wconf 80' lang='lat' dir='ltr'><strong>Aristoxenum</strong></span> <span class='ocrx_word' id='word_1_175' title='bbox 706 3740 810 3796; x_wconf 79' lang='lat' dir='ltr'><strong>quatuor</strong></span> <span class='ocrx_word' id='word_1_176' title='bbox 829 3728 947 3800; x_wconf 70' lang='lat' dir='ltr'><strong>habuisse</strong></span> <span class='ocrx_word' id='word_1_177' title='bbox 962 3730 1110 3798; x_wconf 71' lang='lat' dir='ltr'><strong>magistron,</strong></span> <span class='ocrx_word' id='word_1_178' title='bbox 1174 3736 1177 3745; x_wconf 84' lang='grc'><strong>“</strong></span> 
     </span>
     <span class='ocr_line' id='line_1_28' title="bbox 106 3810 1111 3886; baseline 0.006 -25"><span class='ocrx_word' id='word_1_179' title='bbox 106 3818 208 3882; x_wconf 83' lang='lat' dir='ltr'><strong>patrem</strong></span> <span class='ocrx_word' id='word_1_180' title='bbox 222 3827 297 3863; x_wconf 81' lang='lat' dir='ltr'><strong>auum</strong></span> <span class='ocrx_word' id='word_1_181' title='bbox 310 3810 490 3882; x_wconf 79' lang='lat' dir='ltr'><strong>spintharum,</strong></span> <span class='ocrx_word' id='word_1_182' title='bbox 503 3813 641 3885; x_wconf 86' lang='lat' dir='ltr'><strong>Lamprum</strong></span> <span class='ocrx_word' id='word_1_183' title='bbox 654 3813 839 3884; x_wconf 83' lang='lat' dir='ltr'><strong>Erythraeum,</strong></span> <span class='ocrx_word' id='word_1_184' title='bbox 851 3814 1025 3886; x_wconf 85' lang='lat' dir='ltr'><strong>Xenophilum</strong></span> <span class='ocrx_word' id='word_1_185' title='bbox 1036 3815 1111 3868; x_wconf 84' lang='lat' dir='ltr'><strong>Chal-</strong></span> 
     </span>
     <span class='ocr_line' id='line_1_29' title="bbox 107 3893 1111 3980; baseline 0.01 -31"><span class='ocrx_word' id='word_1_186' title='bbox 107 3893 241 3979; x_wconf 74' lang='lat' dir='ltr'><strong>ridenren</strong></span> <span class='ocrx_word' id='word_1_187' title='bbox 254 3904 332 3980; x_wconf 62' lang='lat' dir='ltr'><strong>atque</strong></span> <span class='ocrx_word' id='word_1_188' title='bbox 347 3897 527 3976; x_wconf 69' lang='lat' dir='ltr'><strong>Aristotelem,</strong></span> <span class='ocrx_word' id='word_1_189' title='bbox 537 3899 610 3957; x_wconf 76' lang='lat' dir='ltr'><strong>nulla</strong></span> <span class='ocrx_word' id='word_1_190' title='bbox 626 3901 733 3967; x_wconf 81' lang='lat' dir='ltr'><strong>omuino</strong></span> <span class='ocrx_word' id='word_1_191' title='bbox 748 3900 870 3961; x_wconf 69' lang='lat' dir='ltr'><strong>Damonis</strong></span> <span class='ocrx_word' id='word_1_192' title='bbox 885 3902 1016 3960; x_wconf 79' lang='lat' dir='ltr'><strong>mentione</strong></span> <span class='ocrx_word' id='word_1_193' title='bbox 1032 3902 1111 3960; x_wconf 66' lang='lat' dir='ltr'><strong>tarn.</strong></span> 
     </span>
    </p>
   </div>
   <div class='ocr_carea' id='block_1_12' title="bbox 0 0 1371 4558">
    <p class='ocr_par' dir='ltr' id='par_1_13' title="bbox 0 0 1371 4558">
     <span class='ocr_line' id='line_1_30' title="bbox 0 0 1371 4558; baseline 0 0"><span class='ocrx_word' id='word_1_194' title='bbox 0 0 1371 4558; x_wconf 95' lang='lat' dir='ltr'><strong> </strong></span> 
     </span>
    </p>
   </div>
  </div>
 </body>
</html>
