2728 4558
522 336 692 438 (1⁵)¹

74 486 267 558 habiturus
279 485 343 576 sit,
356 485 507 556 maximo
524 497 558 558 te
574 511 682 583 opere
697 509 823 558 moneo
839 499 874 560 et
889 465 1029 584 hortor,
1042 505 1085 566 ut

72 602 294 698 praeclarum
308 600 401 669 illud
415 601 590 670 bonarum
603 601 787 672 literarum
800 603 973 695 studium,
990 619 1085 702 post·

72 714 203 784 habito
225 712 454 806 Theologioo,
478 736 500 782 a
522 738 595 806 quo
611 726 646 785 te
666 713 821 785 alienum
845 740 918 788 esse
939 706 1083 811 scribis,

73 825 317 924 persequaris.
341 824 495 896 Praemia
513 827 638 896 virtuti
660 838 730 898 tuae
752 849 798 899 ne
814 830 949 921 desint,
970 855 1033 927 ego
1049 844 1086 906 et

73 939 356 1010 Valckenaerius
373 939 585 1010 curabimus.
607 940 804 1034 Sedunum
819 944 936 1014 adhue
952 970 1086 1016 annum
1106 943 1108 949 ⁴

72 1076 220 1122 neeesse
237 1064 293 1122 est
312 1052 462 1147 paterni
484 1052 697 1122 liberalitate
718 1054 837 1126 Leidae
860 1059 1084 1150 sustenteris,

72 1176 155 1238 tum
171 1176 213 1235 ut
228 1165 363 1235 interea
379 1165 538 1258 linguam
554 1177 589 1237 et
604 1190 718 1236 mores
734 1168 920 1261 Belgarum
936 1196 1086 1265 coguos-

74 1305 155 1369 cas,
172 1290 250 1348 tum
265 1291 307 1349 ut
323 1278 482 1372 aliquam
504 1302 545 1348 ex
566 1279 777 1350 lectionibus
797 1283 929 1352 'nostris
946 1284 1085 1354 utilita-

74 1406 151 1463 tem
176 1392 306 1486 capias.
331 1385 410 1484 Quo
437 1415 530 1470 anno
556 1394 807 1487 praeterlapso,
832 1395 1085 1490 suffragatione

73 1504 199 1576 nostrai
213 1507 270 1574 iel
284 1506 508 1594 luculentum
520 1505 679 1596 aliquem
691 1506 821 1576 soholae
836 1507 1083 1601 Rectoratum,
1182 1590 1186 1600 Ι

74 1621 134 1690 vel
160 1631 254 1690 certe
277 1618 425 1689 illustris
446 1617 589 1711 juvenis
611 1617 862 1712 praeleoturarn
886 1622 1083 1713 obtinebis,

73 1746 117 1802 ut
133 1733 185 1803 sie
200 1732 268 1827 tibi
284 1731 430 1802 laoultas
455 1731 500 1800 sit
515 1732 562 1801 ad
581 1747 719 1801 summa
742 1757 898 1827 quaeque
916 1735 1084 1831 deinceps
1184 1799 1186 1804 ,

73 1846 248 1916 enitendi.
272 1844 395 1939 Atque
416 1845 495 1916 haee
518 1845 637 1914 omnia
658 1839 766 1914 velut
779 1869 820 1916 ex
845 1849 1086 1943 syngrapham

73 1984 132 2030 me
154 1972 278 2058 petere
299 1958 445 2054 poteris:
475 1956 543 2027 Sed
570 1980 644 2026 non
669 1957 889 2044 differendus
913 1961 1085 2056 adventus

73 2085 172 2143 tuus.
196 2073 285 2143 Nam
308 2095 373 2165 ego
393 2069 726 2148 etvalekenaerius
746 2059 862 2140 medio
884 2072 1085 2166 Septembri

72 2187 243 2257 lectiones
259 2196 395 2255 nostras
413 2183 648 2277 auspicamur.
669 2184 739 2273 Tu,
756 2183 806 2252 mi
822 2185 956 2278 optime
972 2184 1081 2281 Wyt-

72 2297 260 2388 tenbaohi,
278 2299 374 2388 vale,
392 2309 426 2366 et
441 2297 487 2366 ad
502 2319 585 2386 nos,
602 2295 675 2385 fac,
692 2298 799 2366 voles.
812 2297 899 2368 Haeo
914 2287 1080 2372 festinan-

59 2423 127 2484 .te‘r
139 2410 629 2508 cripsi,temporeesummis
636 2409 930 2505 occupationibus
942 2424 1079 2508 erepto⁴

77 2525 217 2616 Leidoe,
234 2548 267 2594 a.
284 2523 320 2594 d.
338 2521 362 2592 5
382 2522 479 2617 Sept.
500 2516 603 2633 1769.

77 2713 1084 2770 m

26 2811 29 2818 Ι
263 2861 757 2949 WYTTENBACHIO
792 2875 902 2949 SUO

512 3064 540 3108 S.
564 3065 594 3108 P.
619 3066 651 3110 u.

357 3220 468 3294 nAv.
495 3222 804 3297 RUHNKENIUS.
909 3243 912 3250 ·

80 3387 197 3491 Nune
226 3421 316 3492 mihi
345 3435 486 3518 poterat
518 3423 701 3519 obtingere
731 3423 947 3518 exoptatius,
975 3445 1085 3517 quam

81 3534 180 3628 quod
194 3535 290 3606 ultro
306 3536 506 3631 polliceris,
524 3549 578 3626 te,
597 3523 685 3606 dum
699 3561 762 3630 ego
779 3559 930 3629 quaero,
952 3537 1086 3628 quode

80 3672 119 3717 re
136 3647 200 3717 tui
215 3648 278 3738 sit,
295 3648 448 3720 libenter
464 3649 621 3742 aliquem
631 3650 790 3722 laborem
804 3647 883 3718 met
899 3648 1019 3719 caussa
1031 3672 1087 3721 su·
1218 3639 1220 3644 ¹

81 3759 158 3831 bire
172 3762 275 3832 velle.
293 3761 382 3833 Nam
398 3787 488 3856 opus
505 3761 595 3835 mihi
610 3774 663 3833 est
678 3762 755 3833 viro
772 3759 907 3836 Graece
922 3761 1087 3832 doctissi·
1171 3785 1173 3792 ·

83 3895 158 3970 mo,
172 3874 289 3971 qualis
305 3887 347 3952 tu
362 3901 417 3970 es,
429 3874 475 3954 ad.
485 3875 523 3950 id
534 3877 633 3973 quod
644 3875 802 3972 institui,
814 3874 1084 3973 perficiendum.
